\newcommand*{\doi}[1]{\href{http://dx.doi.org/#1}{doi: #1}}
@article{afanasyev2018cyclonic,
  title={Cyclonic circulation of {S}aturn$'$s atmosphere due to tilted convection},
  author={Afanasyev, YD and Zhang, Y},
  journal={Nat. Geosci.},
  volume={11},
  number={3},
  pages={164},
  year={2018},
  publisher={Nature Publishing Group},
  doi={10.1038/s41561-018-0070-3}
}
@article{aharonson2009asymmetric,
  title={An asymmetric distribution of lakes on {T}itan as a possible consequence of orbital forcing},
  author={Aharonson, O and Hayes, AG and Lunine, JI and Lorenz, RD and Allison, MD and Elachi, C},
  journal={Nat. Geosci.},
  volume={2},
  number={12},
  pages={851--854},
  year={2009},
  publisher={Nature Publishing Group},
  doi={10.1038/ngeo698}
}
@article{altaf2011efficient,
author = {Altaf, M. U. and Verlaan, M. and Heemink, A. W.},
title = {Efficient identification of uncertain parameters in a large-scale tidal model of the European continental shelf by proper orthogonal decomposition},
journal = {Int. J. Numer. Meth. Fl.},
volume = {68},
number = {4},
pages = {422-450},
doi = {10.1002/fld.2511},
year = {2012}
}
@article{amit2019cooling,
  title={Cooling patterns in rotating thin spherical shells--application to {T}itan’s subsurface ocean},
  author={Amit, Hagay and Choblet, Ga{\"e}l and Tobie, Gabriel and Terra-Nova, Filipe and {\v{C}}adek, Ond{\v{r}}ej and Bouffard, Mathieu},
  journal={Icarus},
  pages={113509},
  year={2019},
  publisher={Elsevier},
doi={10.1016/j.icarus.2019.113509}
}
@article{anderson2013predicting,
  title={Predicting the oscillating bi-directional exchange flow in the Straits of Mackinac},
  author={Anderson, Eric J and Schwab, David J},
  journal={J. Great Lakes Res.},
  volume={39},
  number={4},
  pages={663--671},
  year={2013},
  publisher={Elsevier},
  doi={10.1016/j.jglr.2013.09.001}
}
@article{arvelo2013plumbing,
  title={Plumbing the depths of {L}igeia: Considerations for depth sounding in {T}itan's hydrocarbon seas},
  author={Arvelo, Juan and Lorenz, Ralph D.},
  journal={J. Acoust. Soc. Am.},
  volume={134},
  number={6},
  pages={4335--4350},
  year={2013},
  publisher={ASA},
  doi={10.1121/1.4824908}
}
@article{atreya2006titan,
  title={Titan's methane cycle},
  author={Atreya, Sushil K and Adams, Elena Y and Niemann, Hasso B and Demick-Montelara, Jaime E and Owen, Tobias C and Fulchignoni, Marcello and Ferri, Francesca and Wilson, Eric H},
  journal={Planet. Space. Sci.},
  volume={54},
  number={12},
  pages={1177--1187},
  year={2006},
  publisher={Elsevier},
  doi={10.1016/j.pss.2006.05.028}
}
@article{baland2011titan,
  title={Titan$'$s obliquity as evidence of a subsurface ocean?},
  author={Baland, R-M and Van Hoolst, Tim and Yseboodt, Marie and Karatekin, {\"O}},
  journal={Astron. Astrophys.},
  volume={530},
  pages={A141},
  year={2011},
  publisher={EDP Sciences},
  doi={10.1051/0004-6361/201116578}
}
@article{baland2014titan,
  title={Titan$'$s internal structure inferred from its gravity field, shape, and rotation state},
  author={Baland, Rose-Marie and Tobie, Gabriel and Lef{\`e}vre, Axel and Van Hoolst, Tim},
  journal={Icarus},
  volume={237},
  pages={29--41},
  year={2014},
  publisher={Elsevier},
  doi={10.1016/j.icarus.2014.04.007}
}
@book{baretta1998encyclopedia,
  title={Encyclopedia of {M}arine {S}ciences},
  author={Baretta-Bekker, Hanneke JG and Duursma, Egbert K and Kuipers, Bouwe R},
  year={1998},
  publisher={Springer Science \& Business Media}
}
@article{barnes2009shoreline,
  title={Shoreline features of {T}itan's {O}ntario {L}acus from {C}assini/{VIMS} observations},
  author={Barnes, Jason W and Brown, Robert H and Soderblom, Jason M and Soderblom, Laurence A and Jaumann, Ralf and Jackson, Brian and Le Mou{\'e}lic, St{\'e}phane and Sotin, Christophe and Buratti, Bonnie J and Pitman, Karly M and others},
  journal={Icarus},
  volume={201},
  number={1},
  pages={217--225},
  year={2009},
  publisher={Elsevier}, 
  doi={10.1016/j.icarus.2008.12.028}
}
@article{barr2010origin,
  title={Origin of a partially differentiated {T}itan},
  author={Barr, Amy C and Citron, Robert I and Canup, Robin M},
  journal={Icarus},
  volume={209},
  number={2},
  pages={858--862},
  year={2010},
  publisher={Elsevier},
  doi={10.1016/j.icarus.2010.05.028}
}

@article{becker2000adaptive,
  title={Adaptive finite element methods for optimal control of partial differential equations: {B}asic concept},
  author={Becker, Roland and Kapp, Hartmut and Rannacher, Rolf},
  journal={{SIAM} J Control Optim},
  volume={39},
  number={1},
  pages={113--132},
  year={2000},
  publisher={SIAM},
doi={10.1137/S0363012999351097}
}
@incollection{becker2001book,
  author = {Becker, R. and Rannacher,  M.},
  title = {An optimal control approach to error control and mesh adaptation in finite element methods},
  booktitle = {Acta Numerica 2001},
  editor = {Iserles, A.},
  publisher = {Cambridge University Press},
  year = {2001}
}
@article{beghin2010titan,
  title={Titan's native ocean revealed beneath some 45 km of ice by a {S}chumann-like resonance},
  author={B{\'e}ghin, Christian and Sotin, Christophe and Hamelin, Michel},
  journal={Comptes. Rendus. Geoscience},
  volume={342},
  number={6},
  pages={425--433},
  year={2010},
  publisher={Elsevier},
  doi={10.1016/j.crte.2010.03.003}
}

@article{bernard2007high,
  title={{High-order h-adaptive discontinuous Galerkin methods for ocean modelling}},
  author={Bernard, Paul-Emile and Chevaugeon, Nicolas and Legat, Vincent and Deleersnijder, Eric and Remacle, Jean-Fran{\c{c}}ois},
  journal={Ocean Dyn.},
  volume={57},
  number={2},
  pages={109--121},
  year={2007},
  publisher={Springer},
  doi={10.1007/s10236-007-0127-0}
}
@article{bernard2008dispersion,
  title={Dispersion analysis of discontinuous {G}alerkin schemes applied to {P}oincar{\'e}, {K}elvin and {R}ossby waves},
  author={Bernard, P-E and Deleersnijder, Eric and Legat, Vincent and Remacle, J-F},
  journal={J. Sci. Comput.},
  volume={34},
  number={1},
  pages={26--47},
  year={2008},
  publisher={Springer},
  doi={10.1007/s10915-007-9156-6}
}
@article{beuthe2008thin,
  title={Thin elastic shells with variable thickness for lithospheric flexure of one-plate planets},
  author={Beuthe, Mikael},
  journal={Geophys. J. Int.},
  volume={172},
  number={2},
  pages={817--841},
  year={2008},
  publisher={OUP},
  doi={ 10.1111/j.1365-246X.2007.03671.x}
}

@article{beuthe2015tides,
  title={{\GG{1}}{T}ides on {E}uropa: The membrane paradigm},
  author={Beuthe, Mikael},
  journal={Icarus},
  volume={248},
  pages={109--134},
  year={2015},
  publisher={Elsevier},
  doi={10.1016/j.icarus.2014.10.027}
}
@article{beuthe2015tidal,
  title={{\GG{2}}{T}idal {L}ove numbers of membrane worlds: {E}uropa, {T}itan, and {C}o},
  author={Beuthe, Mikael},
  journal={Icarus},
  volume={57},
  number={258},
  pages={239--266},
  year={2015},
  publisher={Elsevier},
  doi={10.1007/s10236-006-0093-y}
}
@article{beuthe2016crustal,
  title={Crustal control of dissipative ocean tides in {E}nceladus and other icy moons},
  author={Beuthe, Mikael},
  journal={Icarus},
  volume={280},
  pages={278--299},
  year={2016},
  publisher={Elsevier},
  doi={10.1016/j.icarus.2016.08.009}
}
@article{birch2018morphological,
  title={Morphological evidence that Titan’s southern hemisphere basins are paleoseas},
  author={Birch, SPD and Hayes, AG and Corlies, P and Stofan, ER and Hofgartner, JD and Lopes, RMC and Lorenz, RD and Lunine, JI and MacKenzie, SM and Malaska, MJ and others},
  journal={Icarus},
  volume={310},
  pages={140--148},
  year={2018},
  publisher={Elsevier},
  doi={10.1016/j.icarus.2017.12.016}
}

@article{blaise2010discontinuous,
	title = {A discontinuous finite element baroclinic marine model on unstructured prismatic meshes},
	volume = {60},
	issn = {1616-7341, 1616-7228},
	doi = {10.1007/s10236-010-0358-3},
	language = {en},
	number = {6},
	urldate = {2017-01-31},
	journal = {Ocean Dyn.},
	author = {Blaise, S{\'e}bastien and Comblen, Richard and Legat, Vincent and Remacle, Jean-Fran{\c c}ois and Deleersnijder, Eric and Lambrechts, Jonathan},
	month = dec,
	year = {2010},
	pages = {1371--1393}
}
@incollection{booij1997swan,
  title={The" SWAN" wave model for shallow water},
  author={Booij, N and Holthuijsen, LH and Ris, RC},
  booktitle={Coastal Engineering 1996},
  pages={668--676},
  year={1997}
}
@book{box1987empirical,
  title={Empirical model-building and response surfaces},
  author={Box, George EP and Draper, Norman R},
  year={1987},
  publisher={John Wiley \& Sons}
}
@incollection{brown2004cassini,
  title={The {C}assini visual and infrared mapping spectrometer ({VIMS}) investigation},
  author={Brown, R. H. and Baines, K. H. and Bellucci, G. and Bibring, J-P and Buratti, B. J. and Capaccioni, F. and Cerroni, P. and Clark, R. N. and Coradini, A. and Cruikshank, D. P. and others},
  booktitle={The Cassini-Huygens Mission},
  pages={111--168},
  year={2004},
  publisher={Springer},
  doi={10.1007/1-4020-3874-7_3}
}
@article{brown2008identification,
  title={The identification of liquid ethane in {T}itan's {O}ntario {L}acus},
  author={Brown, R. H. and Soderblom, L. A. and Soderblom, J. M. and Clark, R. N. and Jaumann, R. and Barnes, J. W. and Sotin, C. and Buratti, B. and Baines, K. H. and Nicholson, P. D.},
  journal={Nature},
  volume={454},
  number={7204},
  pages={607--610},
  year={2008},
  publisher={Nature Publishing Group},
  doi={10.1038/nature07100}
}@article{brown2016impact,
  title={Impact of operational model nesting approaches and inherent errors for coastal simulations},
  author={Brown, Jennifer M and Norman, Danielle L and Amoudry, Laurent O and Souza, Alejandro J},
  journal={Ocean Model.},
  volume={107},
  pages={48--63},
  year={2016},
  publisher={Elsevier},
doi={10.1016/j.ocemod.2016.10.005}
}
@article{bryan1967numerical,
  title={A numerical investigation of the oceanic general circulation},
  author={Bryan, Kirk and Cox, Michael D},
  journal={Tellus},
  volume={19},
  number={1},
  pages={54--80},
  year={1967},
  publisher={Taylor \& Francis},
  doi={10.1111/j.2153-3490.1967.tb01459.x}
}

@techreport{burchard1999,
  title={{GOTM}, a general ocean turbulence model. {T}heory, implementation and test cases},  
  author={Burchard, Hans and Bolding, Karsten and Villarreal, Manuel R},
  institution = "European Commission",
  number = "EUR 18745",
  year = "1999"
}
@article{burr2006sediment,
title = "Sediment transport by liquid surficial flow: Application to {T}itan",
journal = "Icarus",
volume = "181",
number = "1",
pages = "235--242",
year = "2006",
doi = "10.1016/j.icarus.2005.11.012",
author = "Devon M. Burr and Joshua P. Emery and Ralph D. Lorenz and Geoffrey C. Collins and Paul A. Carling"
}
@article{castillo2010evolution,
  title={Evolution of {T}itan's rocky core constrained by {C}assini observations},
  author={Castillo-Rogez, Julie C and Lunine, Jonathan I},
  journal={Geophy. Res. Lett.},
  volume={37},
  number={20},
  year={2010},
  publisher={Wiley Online Library},
  doi={10.1029/2010GL044398}
}
@article{charnay2015methane,
  title={Methane storms as a driver of {T}itan’s dune orientation},
  author={Charnay, Benjamin and Barth, Erika and Rafkin, Scot and Narteau, Cl{\'e}ment and Lebonnois, S{\'e}bastien and Rodriguez, S{\'e}bastien and Du Pont, Sylvain Courrech and Lucas, Antoine},
  journal={Nat. Geosci.},
  volume={8},
  number={5},
  pages={362},
  year={2015},
  publisher={Nature Publishing Group},
  doi={10.1038/ngeo2406}
}
@phdthesis{charnay2014Thesis,
  title={Dynamique troposphérique et évolution climatique de {T}itan et de la {T}erre primitive},
  author={Charnay, Benjanmin},
  year={2014},
  school={Université {P}ierre et {M}arie {C}urie - {P}aris {VI}}
}
@inproceedings{chen2010modeling,
  title={Modeling the Dynamics of Icy Satellite Subsurface Oceans with Focus on Implications for Spacecraft Observables},
  author={Chen, EMA and Glatzmaier, GA and Nimmo, F},
  booktitle={Lunar and Planetary Science Conference},
  volume={41},
  pages={1454},
  year={2010}
}
@article{chen2011nonlinear,
  title={Nonlinear inverse model for velocity estimation from an image sequence},
  author={Chen, Wei},
  journal={J. Geophys. Res.-Oceans},
  volume={116},
  number={C6},
  year={2011},
  publisher={Wiley Online Library},
  doi={10.1029/2010JC006924}
}
@article{chen2014tidal,
  title={Tidal heating in icy satellite oceans},
  author={Chen, EMA and Nimmo, F and Glatzmaier, GA},
  journal={Icarus},
  volume={229},
  pages={11--30},
  year={2014},
  publisher={Elsevier},
  doi={10.1016/j.icarus.2013.10.024}
}
@article{choblet2017heat,
  title={Heat transport in the high-pressure ice mantle of large icy moons},
  author={Choblet, Gael and Tobie, Gabriel and Sotin, Christophe and Kalousova, Klara and Grasset, Olivier},
  journal={Icarus},
  volume={285},
  pages={252--262},
  year={2017},
  publisher={Elsevier},
  doi={10.1016/j.icarus.2016.12.002}
}
@article{comblen2009finite,
  title={A finite element method for solving the shallow water equations on the sphere},
  author={Comblen, Richard and Legrand, S{\'e}bastien and Deleersnijder, Eric and Legat, Vincent},
  journal={Ocean Model.},
  volume={28},
  number={1-3},
  pages={12--23},
  year={2009},
  publisher={Elsevier},
  doi={10.1016/j.ocemod.2008.05.004}
}
@article{comblen2010practical,
  title={Practical evaluation of five partly discontinuous finite element pairs for the non-conservative shallow water equations},
  author={Comblen, Richard and Lambrechts, Jonathan and Remacle, Jean-Fran{\c{c}}ois and Legat, Vincent and others},
  journal={Int. J. Numer. Meth. Fl.},
  volume={63},
  number={6},
  pages={701--724},
  year={2010},
  publisher={Wiley-Blackwell, 111 River Street Hoboken NJ 07030-5774 USA},
  doi={10.1002/fld.2094}
}
@article{comblen2010discontinuous,
	title = {A discontinuous finite element baroclinic marine model on unstructured prismatic meshes},
	volume = {60},
	issn = {1616-7341, 1616-7228},
	doi = {10.1007/s10236-010-0357-4},
	language = {en},
	number = {6},
	urldate = {2017-01-31},
	journal = {Ocean Dyn.},
	author = {Comblen, Richard and Blaise, S{\'e}bastien and Legat, Vincent and Remacle, Jean-Fran{\c c}ois and Deleersnijder, Eric and Lambrechts, Jonathan},
	month = dec,
	year = {2010},
	pages = {1395--1414}
}
@article{conroy2016hp,
	title = {hp discontinuous {Galerkin} methods for the vertical extent of the water column in coastal settings part {I}: {Barotropic} forcing},
	volume = {305},
	issn = {0021-9991},
	shorttitle = {hp discontinuous {Galerkin} methods for the vertical extent of the water column in coastal settings part {I}},
	doi = {10.1016/j.jcp.2015.10.038},
	urldate = {2018-04-20},
	journal = {J. Comput. Phys.},
	author = {Conroy, Colton J. and Kubatko, Ethan J.},
	month = jan,
	year = {2016},
	keywords = {Discontinuous Galerkin, Shallow water, Finite element methods, Superconvergence},
	pages = {1147--1171}
}
@article{consolmagno1978evolution,
  title={The evolution of icy satellite interiors and surfaces},
  author={Consolmagno, Guy J and Lewis, John S},
  journal={Icarus},
  volume={34},
  number={2},
  pages={280--293},
  year={1978},
  publisher={Elsevier},
  doi={10.1016/0019-1035(78)90168-9}
}

@article{cordier2009estimate,
  title={An estimate of the chemical composition of {T}itan's lakes},
  author={Cordier, D. and Mousis, O. and Lunine, J. I. and Lavvas, P. and Vuitton, V.},
  journal={Astrophys. J. Lett.},
  volume={707},
  number={2},
  pages={L128},
  year={2009},
  publisher={IOP Publishing},
  doi={10.1088/0004-637X/707/2/L128}
}
@article{cordier2012titan,
  title={Titan's lakes chemical composition: sources of uncertainties and variability},
  author={Cordier, D. and Mousis, O. and Lunine, J. I. and Lebonnois, S. and Rannou, P. and Lavvas, P. and Lobo, L. Q. and Ferreira, A. G. M.},
  journal={Planet. Space. Sci.},
  volume={61},
  number={1},
  pages={99--107},
  year={2012},
  publisher={Elsevier},
  doi={10.1016/j.pss.2011.05.009}
}
@article{cornet2012geomorphological,
  title={Geomorphological significance of {O}ntario {L}acus on {T}itan: Integrated interpretation of Cassini {VIMS}, {ISS} and {RADAR} data and comparison with the {E}tosha {P}an ({N}amibia)},
  author={Cornet, T and Bourgeois, Olivier and Le Mou{\'e}lic, St{\'e}phane and Rodriguez, S and Lopez Gonzalez, T and Sotin, C and Tobie, G and Fleurant, C and Barnes, J. W. and Brown, R. H. and others},
  journal={Icarus},
  volume={218},
  number={2},
  pages={788--806},
  year={2012},
  publisher={Elsevier},
  doi={10.1016/j.icarus.2012.01.013}
}
@article{cottini2012spatial,
  title={Spatial and temporal variations in {T}itan's surface temperatures from {C}assini {CIRS} observations},
  author={Cottini, Valeria and Nixon, Conor A and Jennings, Donald E and de Kok, Remco and Teanby, Nicholas A and Irwin, Patrick GJ and Flasar, F Michael},
  journal={Planet. Space. Sci.},
  volume={60},
  number={1},
  pages={62--71},
  year={2012},
  publisher={Elsevier},
  doi={10.1016/j.pss.2011.03.015}
}
@article{coyette2018variations,
  title={Variations in rotation rate and polar motion of a non-hydrostatic {T}itan},
  author={Coyette, Alexis and Baland, Rose-Marie and Van Hoolst, Tim},
  journal={Icarus},
  volume={307},
  pages={83--105},
  year={2018},
  publisher={Elsevier},
  doi={10.1016/j.icarus.2018.02.003}
}
@article{critchell2016modelling,
  title={Modelling accumulation of marine plastics in the coastal zone; what are the dominant physical processes?},
  author={Critchell, Kay and Lambrechts, Jonathan},
  journal={Estuar. Coast. Shelf S.},
  volume={171},
  pages={111--122},
  year={2016},
  publisher={Elsevier},
  doi={10.1016/j.ecss.2016.01.036}
}
@book{cushman2011introduction,
  title={Introduction to geophysical fluid dynamics: physical and numerical aspects},
  author={Cushman-Roisin, Benoit and Beckers, Jean-Marie},
  edition = {{II}},
  year={2011},
  publisher={Academic Press}
}
@article{danilov2012two,
  author = {Danilov, S.},
  title = {Two finite-volume unstructured mesh models for large-scale ocean modeling},
  journal = {Ocean Model.},
  volume = {47},
  year = {2012},
  pages = {14 - 25},
  doi={10.1016/j.ocemod.2012.01.004}
}
@article{de2004low,
  title={Low-frequency sea waves generated by atmospheric convection cells},
  author={De Jong, MPC and Battjes, JA},
  journal={J. Geophys. Res.-Oceans},
  volume={109},
  number={C1},
  year={2004},
  publisher={Wiley Online Library},
  doi={1029/2003JC001931}
}
@article{de2012water,
  title={Water renewal timescales in the {S}cheldt {E}stuary},
  author={de Brye, Benjamin and de Brauwere, Anouk and Gourgue, Olivier and Delhez, Eric JM and Deleersnijder, Eric},
  journal={J. Marine Syst.},
  volume={94},
  pages={74--86},
  year={2012},
  publisher={Elsevier},
  doi={10.1016/j.jmarsys.2011.10.013}
}

@article{deBrauwere2014integrated,
  title={Integrated modelling of faecal contamination in a densely populated river--sea continuum ({S}cheldt {R}iver and {E}stuary)},
  author={de Brauwere, Anouk and Gourgue, Olivier and de Brye, Benjamin and Servais, Pierre and Ouattara, Nouho Koffi and Deleersnijder, Eric},
  journal={{S}ci. {T}ot. {E}nviron.},
  volume={468},
  pages={31--45},
  year={2014},
  publisher={Elsevier},
  doi={10.1016/j.scitotenv.2013.08.019}
}
@article{deBrauwere2011modelling,
title = "Modelling {E}scherichia coli concentrations in the tidal {S}cheldt river and estuary",
journal = "Water Res.",
volume = "45",
number = "9",
pages = "2724 - 2738",
year = "2011",
issn = "0043-1354",
doi = "10.1016/j.watres.2011.02.003",
author = "Anouk {de Brauwere} and Benjamin de Brye and Pierre Servais and Julien Passerat and Eric Deleersnijder",
keywords = ", Fecal indicators, Microbiological water quality, Waste water, Modelling, Scheldt, Estuary, Tidal rivers"
}
@article{debrauwere2011residence,
  author  = {{de Brauwere}, A. and {de Brye}, B. and Blaise, S. and Deleersnijder, E.},
  title   = {{Residence time, exposure time and connectivity in the {S}cheldt
              {E}stuary}},
  journal = {J. Marine Syst.},
  pages   = {85--95},
  volume  = 84,
  year    = 2011,
  doi = {10.1016/j.jmarsys.2010.10.001}
}
@article{debrye2012water,
  author  = {{de Brye}, B. and {de Brauwere}, A. and Gourgue, O.
             and Delhez, E.J.M. and Deleersnijder, E.},
  title   = {{Water renewal timescales in the {S}cheldt {E}stuary}},
  journal = {J. Marine Syst.},
  pages   = {74--86},
  volume  = 94,
  year    = 2012,
  doi = {10.1016/j.jmarsys.2011.10.013}
}
@article{debrye2011preliminary,
	title = {Preliminary results of a finite-element, multi-scale model of the {Mahakam} {Delta} ({Indonesia})},
	volume = {61},
	issn = {1616-7341, 1616-7228},
	doi = {10.1007/s10236-011-0410-y},
	language = {en},
	number = {8},
	urldate = {2017-01-31},
	journal = {Ocean Dyn.},
	author = {{de Brye}, Benjamin and Schellen, S{\'e}bastien and Sassi, Maximiliano and Vermeulen, Bart and K{\"a}rn{\"a}, Tuomas and Deleersnijder, Eric and Hoitink, Ton},
	month = aug,
	year = {2011},
	pages = {1107--1120}
}
@article{debrye2010finite,
	title = {A finite-element, multi-scale model of the {Scheldt} tributaries, river, estuary and {ROFI}},
	volume = {57},
	issn = {0378-3839},
	doi = {10.1016/j.coastaleng.2010.04.001},
	number = {9},
	urldate = {2017-01-31},
	journal = {Coastal Eng.},
	author = {{de Brye}, Benjamin and de Brauwere, Anouk and Gourgue, Olivier and K{\"a}rn{\"a}, Tuomas and Lambrechts, Jonathan and Comblen, Richard and Deleersnijder, Eric},
	month = sep,
	year = {2010},
	keywords = {Finite-element, hydrodynamics, Lagrangian residual velocity, Model, Multi-scale, Salinity, Scheldt Estuary, Tide},
	pages = {850--863}
}
@article{delandmeter2015transport,
	title = {The transport and fate of riverine fine sediment exported to a semi-open system},
	volume = {167},
	issn = {02727714},
	doi = {10.1016/j.ecss.2015.10.011},
	language = {en},
	urldate = {2017-01-31},
	journal = {Estuar. Coast. Shelf S.},
	author = {Delandmeter, Philippe and Lewis, Stephen E. and Lambrechts, Jonathan and Deleersnijder, Eric and Legat, Vincent and Wolanski, Eric},
	month = dec,
	year = {2015},
	pages = {336--346}
}
@article{delandmeter2017submesoscale,
  title={Submesoscale tidal eddies in the wake of coral islands and reefs: satellite data and numerical modelling},
  author={Delandmeter, Philippe and Lambrechts, Jonathan and Marmorino, George O and Legat, Vincent and Wolanski, Eric and Remacle, Jean-Fran{\c{c}}ois and Chen, Wei and Deleersnijder, Eric},
  journal={Ocean Dyn.},
  pages="897--913",
  volume="67",
  number="7",
  year={2017},
  publisher={Springer},
  doi={10.1007/s10236-017-1066-z}
}
@article{delandmeter2018fully,
	title = {A fully consistent and conservative vertically adaptive coordinate system for {SLIM} 3D v0.4 with an application to the thermocline oscillations of {Lake} {Tanganyika}},
	volume = {11},
	issn = {1991-9603},
	doi = {10.5194/gmd-11-1161-2018},
	number = {3},
	journal = {Geosci. Model Dev.},
	author = {Delandmeter, P. and Lambrechts, J. and Legat, V. and Vallaeys, V. and Naithani, J. and Thiery, W. and Remacle, J.-F. and Deleersnijder, E.},
	month = mar,
	year = {2018},
	pages = {1161--1179},
	file = {Geosci. Model Dev. PDF:/home/vallaeys/Zotero/storage/G5PNTWUS/Delandmeter et al. - 2018 - A fully consistent and conservative vertically ada.pdf:application/pdf}
}
@misc{deleersnijder2018,
  Author = {Deleersnijder, E.},
  Institution = {Université catholique de Louvain},
  Year = {2018},
  Title = {{LGCIV2056} {M}arine Hydrodynamics}
}
@unpublished{deleersnijder2019,
         author = {Deleersnijder, E.},
         institution = {Université catholique de Louvain},
         title = {From {L}eibniz integral rule to {R}eynolds' transport theorem},
         year = {2019},
         url={http://hdl.handle.net/2078.1/221577}
         }
@article{dermott1995tidal,
  title={Tidal effects of disconnected hydrocarbon seas on {T}itan},
  author={Dermott, S. F. and Sagan, C.},
  journal={Nature},
  volume={374},
  number={6519},
  pages={238--240},
  year={1995},
  publisher={Nature Publishing Group},
  doi={10.1038/374238a0}
}
@article{drews2013using,
  title={Using Wind Setdown and Storm Surge on {L}ake {E}rie to Calibrate the Air-Sea Drag Coefficient},
  author={Drews, C.},
  journal={PloS ONE},
  volume={8},
  number={8},
  pages={e72510},
  year={2013},
  publisher={Public Library of Science},
  doi={10.1371/journal.pone.0072510}
}
@article{devriend1991mathematical,
author = { Huib J.   {De Vriend} },
title = {Mathematical modelling and large-scale coastal behaviour: Part 1: physical processes},
journal = {J. Hydraul. Res.},
volume = {29},
number = {6},
pages = {727-740},
year  = {1991},
publisher = {Taylor & Francis},
doi = {10.1080/00221689109498955}
}
@article{dhingra2018large,
  title={Large catchment area recharges {T}itan’s {O}ntario {L}acus},
  author={Dhingra, Rajani D and Barnes, Jason W and Yanites, Brian J and Kirk, Randolph L},
  journal={Icarus},
  volume={299},
  pages={331--338},
  year={2018},
  publisher={Elsevier},
  doi={10.1016/j.icarus.2017.08.009}
}

@inproceedings{dunaeva2014models,
  title={Models of titan with water-ice shell, rock-ice mantle, and constraints on the rock-iron component composition},
  author={Dunaeva, AN and Kronrod, VA and Kuskov, OL},
  booktitle={Doklady Earth Sciences},
  volume={454},
  number={1},
  pages={89},
  year={2014},
  organization={Springer Science \& Business Media},
  doi={10.1134/S1028334X14010188}
}
@article{dunaeva2016physico,
  title={Physico-chemical models of the internal structure of partially differentiated {T}itan},
  author={Dunaeva, AN and Kronrod, VA and Kuskov, OL},
  journal={Geochem. Int.+},
  volume={54},
  number={1},
  pages={27--47},
  year={2016},
  publisher={Springer},
  doi={10.1134/S0016702916010043}
}
@article{durante2019titan,
  title={Titan's gravity field and interior structure after Cassini},
  author={Durante, Daniele and Hemingway, DJ and Racioppa, P and Iess, L and Stevenson, DJ},
  journal={Icarus},
  volume={326},
  pages={123--132},
  year={2019},
  publisher={Elsevier},
  doi={10.1016/j.icarus.2019.03.003}
}
@article{egbert2000significant,
  title={Significant dissipation of tidal energy in the deep ocean inferred from satellite altimeter data},
  author={Egbert, G D and Ray, R D},
  journal={Nature},
  volume={405},
  number={6788},
  pages={775--778},
  year={2000},
  publisher={Nature Publishing Group},
  doi={10.1038/35015531}
}
@article{elachi2004radar,
  title={Radar: the {C}assini {T}itan radar mapper},
  author={Elachi, C. and Allison, M. D. and Borgarelli, L. and Encrenaz, P. and Im, E. and Janssen, M. A. and Johnson, W. T. K. and Kirk, R. L. and Lorenz, R. D. and Lunine, J. I. and others},
  journal={Space Sci. Rev.},
  volume={115},
  number={1-4},
  pages={71--110},
  year={2004},
  publisher={Springer},
  doi={10.1007/s11214-004-1438-9}
}
@incollection{flasar2004exploring,
  title={Exploring the {S}aturn system in the thermal infrared: The composite infrared spectrometer},
  author={Flasar, F. M. and Kunde, V. G. and Abbas, M. M. and Achterberg, R. K. and Ade, P. and Barucci, A. and B{\'e}zard, B. and Bjoraker, G. L. and Brasunas, J. C. and Calcutt, S. and others},
  booktitle={The Cassini-Huygens Mission},
  pages={169--297},
  year={2004},
  publisher={Springer},
  doi={10.1007/1-4020-3874-7_4}
}
@article{frys2018fine,
  title={{Fine-scale coral connectivity pathways in the {F}lorida {R}eef {T}ract: Implications for conservation and restoration}},
  author={Frys, Charles and {Saint-Amand}, Antoine and {Le Hénaff}, Matthieu and Figueiredo, Joana and Kuba, Alyson and Walker, Bryan and Lambrechts, Jonathan and Vallaeys, Valentin and Vincent, David and Hanert, Emmanuel},
  journal={Front. Marine Sci. (submitted)},
  volume={submitted},
  number={},
  pages={},
  year={2020},
  publisher={Oxford University Press},
  doi={}
}
@article{fortes2007ammonium,
  title={Ammonium sulfate on {T}itan: Possible origin and role in cryovolcanism},
  author={Fortes, Andrew Dominic and Grindrod, Peter M and Trickett, SK and Vo{\v{c}}adlo, L},
  journal={Icarus},
  volume={188},
  number={1},
  pages={139--153},
  year={2007},
  publisher={Elsevier},
  doi={10.1016/j.icarus.2006.11.002}
}

@article{fortes2012titan,
  title={Titan’s internal structure and the evolutionary consequences},
  author={Fortes, Andrew Dominic},
  journal={Planet. Space Sci.},
  volume={60},
  number={1},
  pages={10--17},
  year={2012},
  publisher={Elsevier},
  doi={10.1016/j.pss.2011.04.010}
}

@article{friedson2009global,
  title={A global climate model of {T}itan's atmosphere and surface},
  author={Friedson, A James and West, Robert A and Wilson, Eric H and Oyafuso, Fabiano and Orton, Glenn S},
  journal={Planet. Space Sci.},
  volume={57},
  number={14},
  pages={1931--1949},
  year={2009},
  publisher={Elsevier},
  doi={10.1016/j.pss.2009.05.006}
}
@article{fringer2019future,
  title={The future of coastal and estuarine modeling: Findings from a workshop},
  author={Fringer, Oliver B and Dawson, Clint N and He, Ruoying and Ralston, David K and Zhang, Y Joseph},
  journal={Ocean Model.},
  pages={101458},
  year={2019},
  publisher={Elsevier},
  doi={10.1016/j.ocemod.2019.101458}
}

@article{fulchignoni2005situ,
  title={In situ measurements of the physical characteristics of {T}itan's environment},
  author={Fulchignoni, M. and Ferri, F. and Angrilli, F. and Ball, A. J. and Bar-Nun, A. and Barucci, M. A. and Bettanini, C. and Bianchini, G. and Borucki, W. and Colombatti, G. and others},
  journal={Nature},
  volume={438},
  number={7069},
  pages={785--791},
  year={2005},
  publisher={Nature Publishing Group},
  doi={10.1038/nature04314}
}
@article{geuzaine2009gmsh,
  title={Gmsh: A 3-D finite element mesh generator with built-in pre-and post-processing facilities},
  author={Geuzaine, Christophe and Remacle, Jean-Fran{\c{c}}ois},
  journal={Int. J. Numer. Meth. in Eng.},
  volume={79},
  number={11},
  pages={1309--1331},
  year={2009},
  publisher={Wiley Online Library},
  doi={10.1002/nme.2579}
}
@article{glein2013geochemical,
  title={A geochemical model of non-ideal solutions in the methane-ethane-propane-nitrogen-acetylene system on {T}itan},
  author={Glein, Christopher R. and Shock, Everett L.},
  journal={Geochim. Cosmochim. Ac.},
  volume={115},
  pages={217--240},
  year={2013},
  publisher={Elsevier},
  doi={10.1016/j.gca.2013.03.030}
}
@article{griffith2000detection,
  title={Detection of daily clouds on {T}itan},
  author={Griffith, Caitlin A and Hall, Joseph L and Geballe, Thomas R},
  journal={Science},
  volume={290},
  number={5491},
  pages={509--513},
  year={2000},
  publisher={American Association for the Advancement of Science},
  doi={10.1126/science.290.5491.509}
}
@article{gordeev1977effects,
  title={The effects of loading and self-attraction on global ocean tides: the model and the results of a numerical experiment},
  author={Gordeev, RG and Kagan, BA and Polyakov, EV},
  journal={J. Phys. Oceanogr.},
  volume={7},
  number={2},
  pages={161--170},
  year={1977},
  doi={10.1175/1520-0485(1977)007<0161:TEOLAS>2.0.CO;2}
}

@article{goodman2012numerical,
  title={Numerical simulations of marine hydrothermal plumes for {E}uropa and other icy worlds},
  author={Goodman, Jason C and Lenferink, Erik},
  journal={Icarus},
  volume={221},
  number={2},
  pages={970--983},
  year={2012},
  publisher={Elsevier},
  doi={10.1016/j.icarus.2012.08.027}
}
@article{gourgue2007toward,
  title={Toward a generic method for studying water renewal, with application to the epilimnion of {L}ake {T}anganyika},
  author={Gourgue, Olivier and Deleersnijder, Eric and White, Laurent},
  journal={Estuar. Coast. Shelf S.},
  volume={74},
  number={4},
  pages={628--640},
  year={2007},
  publisher={Elsevier},
  doi={10.1016/j.ecss.2007.05.009}
}
@inbook{gourgue2011free,
author = {Gourgue, Olivier and Deleersnijder, Eric and Legat, Vincent and Marchal, Emmanuel and White, Laurent},
year = {2011},
month = {01},
pages = {146-162},
title = {Free and forced thermocline oscillations in {L}ake {T}anganyika},
doi = {10.1017/CBO9780511921414.011}
}
@article{gourgue2013depth,
title = "A depth-averaged two-dimensional sediment transport model for environmental studies in the {S}cheldt {E}stuary and tidal river network",
journal = "J. Marine Syst.",
volume = "128",
pages = "27 - 39",
year = "2013",
issn = "0924-7963",
doi = "10.1016/j.jmarsys.2013.03.014",
author = "O. Gourgue and W. Baeyens and M.S. Chen and A. de Brauwere and B. de Brye and E. Deleersnijder and M. Elskens and V. Legat",
keywords = "Fine sediments, Flocculation, Estuary, River, Scheldt, Model, Depth-averaged, SLIM"
}
@article{gourgue2009flux,
	title = {A flux-limiting wetting–drying method for finite-element shallow-water models, with application to the {Scheldt} {Estuary}},
	volume = {32},
	issn = {0309-1708},
	doi = {10.1016/j.advwatres.2009.09.005},
	number = {12},
	urldate = {2018-04-16},
	journal = {Adv. Water Res.},
	author = {Gourgue, Olivier and Comblen, Richard and Lambrechts, Jonathan and K{\"a}rn{\"a}, Tuomas and Legat, Vincent and Deleersnijder, Eric},
	month = dec,
	year = {2009},
	keywords = {Discontinuous Galerkin, Estuary, Finite element, Scheldt, Tidal flat, Wetting–drying},
	pages = {1726--1739}
}
@article{griffith2012possible,
  title={Possible tropical lakes on {T}itan from observations of dark terrain},
  author={Griffith, Caitlin A and Lora, Juan M and Turner, Jake and Penteado, Paulo F and Brown, Robert H and Tomasko, Martin G and Doose, Lyn and See, Charles},
  journal={Nature},
  volume={486},
  number={7402},
  pages={237},
  year={2012},
  publisher={Nature Publishing Group},
  doi={10.1038/nature11165}
}
@article{habchi2013partitioned,
  title={Partitioned solver for strongly coupled fluid--structure interaction},
  author={Habchi, Charbel and Russeil, Serge and Bougeard, Daniel and Harion, Jean-Luc and Lemenand, Thierry and Ghanem, Akram and Della Valle, Dominique and Peerhossaini, Hassan},
  journal={Comput. Fluids},
  volume={71},
  pages={306--319},
  year={2013},
  publisher={Elsevier},
doi={10.1016/j.compfluid.2012.11.004}
}
@article{hamblin1982free,
  title={On the free surface oscillations of {L}ake {O}ntario},
  author={Hamblin, PF},
  journal={Limnol. Oceanogr.},
  volume={27},
  number={6},
  pages={1039--1049},
  year={1982},
  publisher={Wiley Online Library},
  doi={/10.4319/lo.1982.27.6.1039}
}
@article{hanert2003comparison,
  title={A comparison of three finite elements to solve the linear shallow water equations},
  author={Hanert, Emmanuel and Legat, Vincent and Deleersnijder, E},
  journal={Ocean Model.},
  volume={5},
  number={1},
  pages={17--35},
  year={2003},
  publisher={Elsevier},
  doi={10.1016/S1463-5003(02)00012-4}
}
@article{hanert2004advection,
  title={Advection schemes for unstructured grid ocean modelling},
  author={Hanert, Emmanuel and Le Roux, DY and Legat, Vincent and Deleersnijder, Eric},
  journal={Ocean Model.},
  volume={7},
  number={1},
  pages={39--58},
  year={2004},
  publisher={Elsevier},
  doi={10.1016/S1463-5003(03)00029-5}
}
@article{hartwig2016exploring,
  title={Exploring the depths of {K}raken {M}are--Power, thermal analysis, and ballast control for the {S}aturn {T}itan submarine},
  author={Hartwig, J. W. and Colozza, A and Lorenz, R. D. and Oleson, S and Landis, G and Schmitz, P and Paul, M and Walsh, J},
  journal={Cryogenics},
  volume={74},
  pages={31--46},
  year={2016},
  publisher={Elsevier},
  doi={10.1016/j.cryogenics.2015.09.009}
}
@article{hanel1981infrared,
  title={Infrared observations of the saturnian system from {V}oyager-1},
  author={Hanel, R. and Conrath, B. and Flasar, F. M. and Kunde, V. and Maguire, W. and Pearl, J. and Pirraglia, J. and Samuelson, R. and Herath, L. and Allison, M. and Cruikshank, D. and Gautier, D. and Gierasch, P. and Horn, L. and Koppany, R. },
  journal={Science},
  volume={212},
  pages={192--200},
  year={1981},
  publisher={Amer Assoc Advancement Science},
  doi={10.1126/science.212.4491.192}
}
@article{hansen1956theorie,
  title={{Theorie zur Errechnung des Wasserstandes und der Str{\"o}mungen in Randmeeren nebst Anwendungen}},
  author={Hansen, Walter},
  journal={Tellus},
  volume={8},
  number={3},
  pages={287--300},
  year={1956},
  publisher={Wiley Online Library}
}
@article{hay2017numerically,
  title={Numerically modelling tidal dissipation with bottom drag in the oceans of {T}itan and {E}nceladus},
  author={Hay, Hamish CFC and Matsuyama, Isamu},
  journal={Icarus},
  volume={281},
  pages={342--356},
  year={2017},
  doi = {10.1016/j.icarus.2016.09.022},
  publisher={Elsevier}
}
@article{hay2019nonlinear,
  title={Nonlinear tidal dissipation in the subsurface oceans of {E}nceladus and other icy satellites},
  author={Hay, Hamish CFC and Matsuyama, Isamu},
  journal={Icarus},
  volume={319},
  pages={68--85},
  year={2019},
  publisher={Elsevier},
  doi={10.1016/j.icarus.2018.09.019}
}

@article{hayes2008hydrocarbon,
  title={Hydrocarbon lakes on {T}itan: Distribution and interaction with a porous regolith},
  author={Hayes, A. G. and Aharonson, O and Callahan, P and Elachi, C and Gim, Y and Kirk, R. L. and Lewis, K and Lopes, R and Lorenz, R. D. and Lunine, J. I. and others},
  journal={Geophys. Res. Lett.},
  volume={35},
  number={9},
  year={2008},
  publisher={Wiley Online Library},
  doi={10.1029/2008GL033409}
}
@article{hayes2010bathymetry,
  title={Bathymetry and absorptivity of {T}itan's {O}ntario {L}acus},
  author={Hayes, A. G. and Wolf, A. S. and Aharonson, O. and Zebker, H. and Lorenz, R. D. and Kirk, R. L. and Paillou, P. and Lunine, J. I. and Wye, L. and Callahan, P. and others},
  journal={J. Geophys. Res.-Planet.},
  volume={115},
  number={E9},
  pages = {E09009},
  year={2010},
  publisher={Wiley Online Library},
  doi={10.1029/2009JE003557}
}
@article{hayes2011transient,
  title={Transient surface liquid in {T}itan's polar regions from {C}assini},
  author={Hayes, A. G. and Aharonson, O. and Lunine, J. I. and Kirk, R. L. and Zebker, H. A. and Wye, L. C. and Lorenz, R. D. and Turtle, E. P. and Paillou, Philippe and Mitri, G and others},
  journal={Icarus},
  volume={211},
  number={1},
  pages={655--671},
  year={2011},
  publisher={Elsevier},
  doi={10.1016/j.icarus.2010.08.017}
}
@article{hayes2013wind,
  title={Wind driven capillary-gravity waves on {T}itan’s lakes: Hard to detect or non-existent?},
  author={Hayes, A. G. and Lorenz, R. D. and Donelan, M. A. and Manga, M and Lunine, J. I. and Schneider, T and Lamb, M. P. and Mitchell, J. M. and Fischer, W. W. and Graves, S. D. and others},
  journal={Icarus},
  volume={225},
  number={1},
  pages={403--412},
  year={2013},
  publisher={Elsevier},
  doi={10.1016/j.icarus.2013.04.004}
}
@inproceedings{hayes2014distribution,
  title={The Distribution and Volume of {T}itan's Hydrocarbon Lakes and Seas},
  author={Hayes, A. G. and Michaelides, R. J. and Turtle, E. P. and Barnes, J. W. and Soderblom, J. M. and Masrtogiuseppe, M. and Lorenz, R. D. and Kirk, R. L. and Lunine, J. I.},
  booktitle={Lunar and Planetary Institute Science Conference Abstracts},
  volume={45},
  pages={2341},
  year={2014}
}
@inproceedings{hayes2016bathymetry,
  title={The bathymetry and composition of {T}itan$'$s lakes and seas},
  author={Hayes, A. G. and Mastrogiuseppe, Marco and Lumine, J. I. and Poggiali, Valerio and Lorenz, R. D. and Mitchell, K. M. and Malaska, Michael J and Le Gall, Alice},
  booktitle={47th Lunar and Planetary Science Conference},
  pages={1904},
  year={2016}
}
@article{hayes2016lakes,
  title={{T}he lakes and seas of {T}itan},
  author={Hayes, A. G. },
  journal={Annu. Rev. Earth Pl. Sc.},
  volume={44},
  publisher={Annual Reviews},
  year={2016},
  doi={10.1146/annurev-earth-060115-012247}
}
@article{hayes2017topographic,
author = {Hayes, A. G. and Birch, S. P. D. and Dietrich, W. E. and Howard, A. D. and Kirk, R. L. and Poggiali, V. and Mastrogiuseppe, M. and Michaelides, R. J. and Corlies, P. M. and Moore, J. M. and Malaska, M. J. and Mitchell, K. L. and Lorenz, R. D. and Wood, C. A.},
title = {Topographic Constraints on the Evolution and Connectivity of {T}itan's Lacustrine Basins},
journal = {Geophys. Res. Lett.},
volume = {44},
number = {23},
pages = {11,745-11,753},
keywords = {Titan, polar, lakes and seas, equipotential, topography, geomorphology},
doi = {10.1002/2017GL075468},

year = {2017}
}
@article{hayes2018post,
  title={A post-Cassini view of {T}itan’s methane-based hydrologic cycle},
  author={Hayes, Alexander G and Lorenz, Ralph D and Lunine, Jonathan I},
  journal={Nat. Geosci.},
  volume={11},
  pages={306--313},
  year={2018},
  doi={10.1038/s41561-018-0103-y}
}
@article{hemingway2013rigid,
  title={A rigid and weathered ice shell on {T}itan},
  author={Hemingway, D and Nimmo, F and Zebker, H and Iess, L},
  journal={Nature},
  volume={500},
  number={7464},
  pages={550--552},
  year={2013},
  publisher={Nature Publishing Group},
  doi={10.1038/nature12400}
}
@article{hendershott1972effects,
  title={The effects of solid {E}arth deformation on global ocean tides},
  author={Hendershott, M C},
  journal={Geophys. J. Int.},
  volume={29},
  number={4},
  pages={389--402},
  year={1972},
  publisher={Oxford University Press},
  doi={10.1111/j.1365-246X.1972.tb06167.x}
}
@article{henry1993geometrically,
  title={Geometrically based, automatic generator for irregular triangular networks},
  author={Henry, R F and Walters, R A},
  journal={Commun. Numer. Meth. En.},
  volume={9},
  number={7},
  pages={555--566},
  year={1993},
  publisher={Wiley Online Library},
  doi={10.1002/cnm.1640090703}
}
@book{hervouet2007hydrodynamics,
  title={Hydrodynamics of free surface flows: modelling with the finite element method},
  author={Hervouet, Jean-Michel},
  year={2007},
  publisher={John Wiley \& Sons}
}

@article{higdon1997barotropic,
	title = {Barotropic-{Baroclinic} {Time} {Splitting} for {Ocean} {Circulation} {Modeling}},
	volume = {135},
	issn = {0021-9991},
	doi = {10.1006/jcph.1997.5733},
	number = {1},
	journal = {J. Comput. Phys.},
	author = {Higdon, Robert L. and de Szoeke, Roland A.},
	month = jul,
	year = {1997},
	pages = {30--53}
}
@inproceedings{hoen2005engineering,
  title={An engineering interpretation of the complex eigensolution of linear dynamic systems},
  author={Hoen, Christopher},
  booktitle={Conference \& Exposition on Structural Dynamics (IMAC), Orlando, FL, Jan},
  year={2005}
}
@article{hofgartner2014transient,
  title={Transient features in a {T}itan sea},
  author={Hofgartner, J D and Hayes, Alexander G and Lunine, J I and Zebker, H and Stiles, B W and Sotin, C and Barnes, J W and Turtle, E P and Baines, K H and Brown, Robert H and others},
  journal={Nat. Geosci.},
  volume={7},
  number={7},
  pages={493--496},
  year={2014},
  publisher={Nature Research},
  doi={10.1038/ngeo2190}
}
@article{hofgartner2016titan,
  title={Titan’s “{M}agic {I}slands”: {T}ransient features in a hydrocarbon sea},
  author={Hofgartner, Jason D and Hayes, Alexander G and Lunine, Jonathan I and Zebker, Howard and Lorenz, Ralph D and Malaska, Michael J and Mastrogiuseppe, Marco and Notarnicola, Claudia and Soderblom, Jason M},
  journal={Icarus},
  volume={271},
  pages={338--349},
  year={2016},
  publisher={Elsevier},
  doi={10.1016/j.icarus.2016.02.022}
}
@article{hussmann2010implications,
  title={Implications of rotation, orbital states, energy sources, and heat transport for internal processes in icy satellites},
  author={Hussmann, Hauke and Choblet, Ga{\"e}l and Lainey, Val{\'e}ry and Matson, Dennis L and Sotin, Christophe and Tobie, Gabriel and Van Hoolst, Tim},
  journal={Space sci. rev.},
  volume={153},
  number={1-4},
  pages={317--348},
  year={2010},
  publisher={Springer},
  doi={10.1007/s11214-010-9636-0}
}
@article{iess2012tides,
  title={The tides of {T}itan},
  author={Iess, Luciano and Jacobson, Robert A and Ducci, Marco and Stevenson, David J and Lunine, Jonathan I and Armstrong, John W and Asmar, Sami W and Racioppa, Paolo and Rappaport, Nicole J and Tortora, Paolo},
  journal={Science},
  volume={337},
  number={6093},
  pages={457--459},
  year={2012},
  publisher={American Association for the Advancement of Science},
  doi={10.1126/science.1219631 }
}

@techreport{irishsea,
     title = {Hydrography of the Irish Sea},
     author = {Howarth, M. J.},
     year = {2005},
     type = {SEA6 Technical report},
     institution = {UK, Department of Trade and Industry offshore energy Strategic Assessment programme},
}
@article{jackett2006algorithms,
	title = {Algorithms for Density, Potential Temperature, Conservative Temperature, and the Freezing Temperature of Seawater},
	volume = {23},
	issn = {0739-0572},
	doi = {10.1175/JTECH1946.1},
	number = {12},
	journal = {J. Atmos. Ocean. Tech.},
	author = {Jackett, David R. and McDougall, Trevor J. and Feistel, Rainer and Wright, Daniel G. and Griffies, Stephen M.},
	month = dec,
	year = {2006},
	pages = {1709--1728}
}
@article{jennings2009titan,
  title={Titan's surface brightness temperatures},
  author={Jennings, DE and Flasar, FM and Kunde, VG and Samuelson, RE and Pearl, JC and Nixon, CA and Carlson, RC and Mamoutkine, AA and Brasunas, JC and Guandique, E and others},
  journal={Astrophys. J. Lett.},
  volume={691},
  number={2},
  pages={L103},
  year={2009},
  publisher={IOP Publishing},
  doi={10.1088/0004-637X/691/2/L103}
}
@article{jennings2011seasonal,
  title={Seasonal changes in {T}itan's surface temperatures},
  author={Jennings, Donald E and Cottini, V and Nixon, CA and Flasar, FM and Kunde, VG and Samuelson, RE and Romani, PN and Hesman, BE and Carlson, RC and Gorius, NJP and others},
  journal={Astrophys. J. Lett.},
  volume={737},
  number={1},
  pages={L15},
  year={2011},
  publisher={IOP Publishing}, 
  doi={10.1088/2041-8205/737/1/L15}
}
@article{kell1975density,
  title={Density, thermal expansivity, and compressibility of liquid water from 0. deg. to 150. deg.. Correlations and tables for atmospheric pressure and saturation reviewed and expressed on 1968 temperature scale},
  author={Kell, George S},
  journal={J. Chem. Eng. data},
  volume={20},
  number={1},
  pages={97--105},
  year={1975},
  publisher={ACS Publications},
  doi={10.1021/je60064a005}
}
@article{karna2011fully,
  title={A fully implicit wetting-drying method for {DG}-{FEM} shallow water models, with an application to the {S}cheldt {E}stuary},
  author={K{\"a}rn{\"a}, Tuomas and De Brye, Benjamin and Gourgue, Olivier and Lambrechts, Jonathan and Comblen, Richard and Legat, Vincent and Deleersnijder, Eric},
  journal={Comput. Method Appl. M.},
  volume={200},
  number={5},
  pages={509--524},
  year={2011},
  publisher={Elsevier},
  doi={10.1016/j.cma.2010.07.001}
}
@article{karna2013baroclinic,
	title = {A baroclinic discontinuous {Galerkin} finite element model for coastal flows},
	volume = {61},
	issn = {1463-5003},
	doi = {10.1016/j.ocemod.2012.09.009},
	urldate = {2017-01-31},
	journal = {Ocean Model.},
	author = {K{\"a}rn{\"a}, Tuomas and Legat, Vincent and Deleersnijder, Eric},
	month = jan,
	year = {2013},
	keywords = {Baroclinic processes, Discontinuous Galerkin, Finite element method, Marine model, River plume},
	pages = {1--20}
}
@phdthesis{karna2012Thesis,
  title={Development of a Baroclinic Discontinuous Galerkin Finite Element Model for Estuarine and Coastal Flows},
  author={K{\"a}rn{\"a}, Tuomas},
  year={2012},
  school={UCLouvain}
}
@article{karna2018thetis,
	AUTHOR = {K\"arn\"a, T. and Kramer, S. C. and Mitchell, L. and Ham, D. A. and Piggott, M. D. and Baptista, A. M.},
	TITLE = {Thetis coastal ocean model: discontinuous {G}alerkin discretization for the three-dimensional hydrostatic equations},
	JOURNAL = {Geosci. Model Dev. Discussions},
	VOLUME = {2018},
	YEAR = {2018},
	PAGES = {1--36},
	DOI = {10.5194/gmd-2017-292}
}
@article{kuiper1944titan,
  title={Titan: a Satellite with an Atmosphere.},
  author={Kuiper, Gerard P},
  journal={Astrophys. J.},
  volume={100},
  pages={378},
  year={1944},
  doi={10.1086/144679}
}
@article{kvorka2018does,
  title={Does {T}itan’s long-wavelength topography contain information about subsurface ocean dynamics?},
  author={Kvorka, Jakub and {\v{C}}adek, Ond{\v{r}}ej and Tobie, Gabriel and Choblet, Ga{\"e}l},
  journal={Icarus},
  volume={310},
  pages={149--164},
  year={2018},
  publisher={Elsevier},
  doi={10.1016/j.icarus.2017.12.010}
}

@article{lambrechts2008multiscale,
  author  = {Lambrechts, J. and Comblen, R. and Legat, V.  and Geuzaine, C. and Remacle, J.-F.},
  title   = {{Multiscale mesh generation on the sphere}},
  journal = {Ocean Dyn.},
  pages   = {461--473},
  volume  = 58,
  number  = 5,
  year    = 2008,
  doi     = {10.1007/s10236-008-0148-3}
}
@article{lambrechts2008multi,
	title = {A multi-scale model of the hydrodynamics of the whole {Great} {Barrier} {Reef}},
	volume = {79},
	issn = {0272-7714},
	doi = {10.1016/j.ecss.2008.03.016},
	urldate = {2017-01-31},
	journal = {Estuar. Coast. Shelf S.},
	author = {Lambrechts, Jonathan and Hanert, Emmanuel and Deleersnijder, Eric and Bernard, Paul-Emile and Legat, Vincent and Remacle, Jean-Fran{\c c}ois and Wolanski, Eric},
	month = aug,
	year = {2008},
	keywords = {East Australian Current, finite elements, Great Barrier Reef, hydrodynamics, shelf dynamics, unstructured mesh},
	pages = {143--151}
}
@inproceedings{le2018new,
  title={A new wetting--drying algorithm integrated in SLIM, with an application to the Tonle Sap lake, Mekong},
  author={Le, Hoang Anh and Dang, Vu Xuan Huyen and Lambrechts, Jonathan and Ortleb, Sigrun and Vallaeys, Valentin and Vincent, David and Gratiot, Nicolas and Soares Frazao, Sandra and Deleersnijder, Eric},
  booktitle={European Geosciences Union General Assembly 2018},
  year={2018},
  pages={EGU2018-8100-1}
}
@article{le2019implicit,
  title={An implicit wetting-drying algorithm for the {D}iscontinuous {G}alerkin method: Application to the {T}onle {S}ap, {M}ekong River Basin},
  author={Le, Hoang-Anh and Lambrechts, Jonathan and Ortleb, Sigrunand and Gratiot, Nicolas and Deleersnijder, Eric and Soares-Frazao, Sandra},
  journal={Environ. Fluid Mech.},
  volume={in Press},
  number={},
  pages={},
  year={2020},
  doi={10.1007/s10652-019-09732-7}
}
@article{le2016composition,
  title={Composition, seasonal change and bathymetry of {L}igeia {M}are, {T}itan, derived from its microwave thermal emission},
  author={Le Gall, Alice and Malaska, Michael J and Lorenz, R. D. and Janssen, M. A. and Tokano, T and Hayes, A. G. and Mastrogiuseppe, M and Lunine, J. I. and Veyssi{\`e}re, G and Encrenaz, P and others},
  journal={J. Geophys. Res.-Planet.},
  volume={121},
  number={2},
  pages={233--251},
  year={2016},
  publisher={Wiley Online Library},
  doi={10.1002/2015JE004920}
}
@article{lebars2016unstructured,
	title = {Unstructured-mesh modeling of the {Congo} river-to-sea continuum},
	volume = {66},
	issn = {1616-7341, 1616-7228},
	doi = {10.1007/s10236-016-0939-x},
	language = {en},
	number = {4},
	urldate = {2017-01-31},
	journal = {Ocean Dyn.},
	author = {Le Bars, Yoann and Vallaeys, Valentin and Deleersnijder, Eric and Hanert, Emmanuel and Carrere, Loren and Channeli{\`e}re, Claire},
	month = apr,
	year = {2016},
	pages = {589--603}
}
@incollection{leblond1978waves,
  series = {Waves in the {Ocean}},
  author={LeBlond, Paul H. and Mysak, Lawrence A.},
	title = {Chapter 3 {Free} {Waves}: {Long} {Wavelengths}},
	volume = {20},
	shorttitle = {Chapter 3 {Free} {Waves}},
	booktitle = {Elsevier {Oceanography} {Series}},
	publisher = {Elsevier},
	editor = {LeBlond, Paul H. and Mysak, Lawrence A.},
	month = jan,
	year = {1978},
	doi = {10.1016/S0422-9894(08)70816-X},
	pages = {119--196},
}
@article{lebonnois2012titan,
  title={Titan global climate model: A new 3-dimensional version of the {IPSL} {T}itan {GCM}},
  author={Lebonnois, S{\'e}bastien and Burgalat, J{\'e}r{\'e}mie and Rannou, Pascal and Charnay, Benjamin},
  journal={Icarus},
  volume={218},
  number={1},
  pages={707--722},
  year={2012},
  publisher={Elsevier},
  doi={10.1016/j.icarus.2011.11.032}
}
@article{lefevre2014structure,
  title={Structure and dynamics of {T}itan$'$s outer icy shell constrained from {C}assini data},
  author={Lefevre, Axel and Tobie, Gabriel and Choblet, Ga{\"e}l and {\v{C}}adek, Ond{\v{r}}ej},
  journal={Icarus},
  volume={237},
  pages={16--28},
  year={2014},
  publisher={Elsevier},
  doi={10.1016/j.icarus.2014.04.006}
}
@article{legrand2000delaunay,
  title={Delaunay mesh generation for an unstructured-grid ocean general circulation model},
  author={Legrand, Sebastien and Legat, Vincent and Deleersnijder, Eric},
  journal={Ocean Model.},
  volume={2},
  number={1},
  pages={17--28},
  year={2000},
  publisher={Elsevier},
  doi={10.1016/S1463-5003(00)00005-6}
}
@article{legrand2006high,
  title={High-resolution, unstructured meshes for hydrodynamic models of the {G}reat {B}arrier {R}eef, {A}ustralia},
  author={Legrand, S{\'e}bastien and Deleersnijder, Eric and Hanert, Emmanuel and Legat, Vincent and Wolanski, Eric},
  journal={Estuar. Coast. Shelf S.},
  volume={68},
  number={1-2},
  pages={36--46},
  year={2006},
  publisher={Elsevier},
  doi={10.1016/j.ecss.2005.08.017}
}
@article{leroux2005some,
  title={On some spurious mode issues in shallow-water models using a linear algebra approach},
  author={Le Roux, DY and S{\`e}ne, Abdou and Rostand, Virgile and Hanert, Emmanuel},
  journal={Ocean Model.},
  volume={10},
  number={1},
  pages={83--94},
  year={2005},
  publisher={Elsevier},
  doi={10.1016/j.ocemod.2004.07.008}
}

@article{lingam2018extraterrestrial,
  title={Is extraterrestrial life suppressed on subsurface ocean worlds due to the paucity of bioessential elements?},
  author={Lingam, Manasvi and Loeb, Abraham},
  journal={Astron. J.},
  volume={156},
  number={4},
  pages={151},
  year={2018},
  publisher={IOP Publishing},
doi={10.3847/1538-3881/aada02}
}
@article{lorenz1994crater,
  title={Crater lakes on Titan: Rings, horseshoes and bullseyes},
  author={Lorenz, Ralph D},
  journal={Planet. Space Sci.},
  volume={42},
  number={1},
  pages={1--4},
  year={1994},
  publisher={Pergamon},
  doi={10.1016/0032-0633(94)90134-1}
}
@article{lorenz1996pillow,
  title={Pillow lava on {T}itan: Expectations and constraints on cryovolcanic processes},
  author={Lorenz, Ralph D},
  journal={Planet. Space Sci.},
  volume={44},
  number={9},
  pages={1021--1028},
  year={1996},
  publisher={Elsevier},
  doi={10.1016/0032-0633(95)00139-5}
}
@article{lorenz1997impacts,
  title={Impacts and cratering on {T}itan: A pre-{C}assini view},
  author={Lorenz, Ralph D},
  journal={Planet. Space Sci.},
  volume={45},
  number={8},
  pages={1009--1022},
  year={1997},
  publisher={Oxford; New York: Pergamon Press, 1959-},
  doi={10.1016/S0032-0633(97)00085-8}
}
@article{lorenz2000post,
  title={Post-Cassini exploration of Titan: Science rationale and mission concepts},
  author={Lorenz, Ralph D},
  journal={J. Brit. Inter. Soc.},
  volume={53},
  number={7/8},
  pages={218--234},
  year={2000}
}

@article{lorenz2010threshold,
  title={Threshold of wave generation on {T}itan's lakes and seas: Effect of viscosity and implications for {C}assini observations},
  author={Lorenz, R. D. and Newman, C. and Lunine, J. I.},
  journal={Icarus},
  volume={207},
  number={2},
  pages={932--937},
  year={2010},
  publisher={Elsevier},
  doi={10.1016/j.icarus.2009.12.004}
}
@article{lorenz2011cyanide,
  title={Cyanide soap? Dissolved materials in {T}itan's seas},
  author={Lorenz, RD and Lunine, JI and Neish, CD},
  journal={EPSC-DPS2011},
  volume={6},
  pages={488},
  year={2011}
}
@article{lorenz2012winds,
  title={Winds and tides of {L}igeia {M}are, with application to the drift of the proposed time {TiME} ({T}itan {M}are {E}xplorer) capsule},
  author={Lorenz, Ralph D and Tokano, Tetsuya and Newman, Claire E},
  journal={Planet. Space Sci.},
  volume={60},
  number={1},
  pages={72--85},
  year={2012},
  publisher={Elsevier},
  doi={10.1016/j.pss.2010.12.009}
}
@inproceedings{lorenz2013oceanography,
  title={Oceanography on {S}aturn's moon, {T}itan},
  author={Lorenz, Robert D},
  booktitle={Oceans-San Diego, 2013},
  pages={1--7},
  year={2013},
  organization={IEEE}
}
@article{lorenz2014radar,
  title={A radar map of {T}itan Seas: {T}idal dissipation and ocean mixing through the throat of {K}raken},
  author={Lorenz, R. D. and Kirk, R. L. and Hayes, A. G. and Anderson, Y. Z. and Lunine, J. I. and Tokano, Tetsuya and Turtle, E. P. and Malaska, M. J. and Soderblom, J. M. and Lucas, Antoine and others},
  journal={Icarus},
  volume={237},
  pages={9--15},
  year={2014},
  publisher={Elsevier},
  doi={10.1016/j.icarus.2014.04.005}
}
@article{lorenz2014flushing,
  title={The flushing of {L}igeia: Composition variations across {T}itan's seas in a simple hydrological model},
  author={Lorenz, Ralph D},
  journal={Geophys. Res. Lett.},
  volume={41},
  number={16},
  pages={5764--5770},
  year={2014},
  publisher={Wiley Online Library},
  doi={10.1002/2014GL061133}
}
@article{lorenz2018dragonfly,
  title={Dragonfly: a Rotorcraft Lander Concept for scientific exploration at {T}itan},
  author={Lorenz, Ralph D and Turtle, Elizabeth P and Barnes, Jason W and Trainer, Melissa G and Adams, Douglas S and Hibbard, Kenneth E and Sheldon, Colin Z and Zacny, Kris and Peplowski, Patrick N and Lawrence, David J and others},
  journal={J. Hopkins APL Tech. D.},
  year={2018}
}
@article{lunine1987clathrate,
  title={Clathrate and ammonia hydrates at high pressure: Application to the origin of methane on {T}itan},
  author={Lunine, Jonathan I and Stevenson, David J},
  journal={Icarus},
  volume={70},
  number={1},
  pages={61--77},
  year={1987},
  publisher={Elsevier},
  doi={10.1016/0019-1035(87)90075-3}
}

@inproceedings{lunine2009evidence,
  title={Evidence for liquid in {O}ntario {L}acus ({T}itan) from {C}assini-observed changes},
  author={Lunine, Jonathan I and Hayes, A and Aharonson, O and Mitri, G and Lorenz, R and Stofan, E and Wall, S and Elachi, C and {Cassini Radar Team} and others},
  booktitle={AAS/Division for Planetary Sciences Meeting Abstracts\# 41},
  volume={41},
  year={2009}
}
@article{luspay2015experimental,
  title={Experimental constraints on the composition and dynamics of {T}itan's polar lakes},
  author={Luspay-Kuti, A and Chevrier, VF and Cordier, D and Rivera-Valentin, EG and Singh, S and Wagner, A and Wasiak, FC},
  journal={Earth Planet. Sc. Lett.},
  volume={410},
  pages={75--83},
  year={2015},
  publisher={Elsevier},
  doi={10.1016/j.epsl.2014.11.023}
}
@INPROCEEDINGS{Manor2013Cassini,
author={E. Manor-Chapman},
booktitle={2013 IEEE Aerospace Conference},
title={Cassini {S}olstice {M}ission overview and science results},
year={2013},
volume={},
number={},
pages={1-13},
keywords={artificial satellites;celestial mechanics;clouds;magnetosphere;Saturn;Cassini solstice mission;orbit;seasonal-scale phenomena;Saturn ring;atmosphere;magnetosphere;icy satellite;Titan;northern winter-southern summer;equinox;northern summer-southern winter;cloud top;Saturn;Orbits;Space vehicles;Satellites;Magnetic field measurement;Atmospheric measurements;Extraterrestrial measurements},
doi={10.1109/AERO.2013.6496923},
ISSN={1095-323X},
month={March}
}
@article{marshall1997finite,
  title={A finite-volume, incompressible {N}avier {S}tokes model for studies of the ocean on parallel computers},
  author={Marshall, John and Adcroft, Alistair and Hill, Chris and Perelman, Lev and Heisey, Curt},
  journal={J. Geophys. Res.-Oceans},
  volume={102},
  number={C3},
  pages={5753--5766},
  year={1997},
  publisher={Wiley Online Library},
  doi={10.1029/96JC02775}
}
@article{mastrogiuseppe2014bathymetry,
  title={The bathymetry of a {T}itan sea},
  author={Mastrogiuseppe, Marco and Poggiali, Valerio and Hayes, A. G. and Lorenz, R. D. and Lunine, J. I. and Picardi, Giovanni and Seu, Roberto and Flamini, Enrico and Mitri, Giuseppe and Notarnicola, Claudia and others},
  journal={Geophys. Res. Lett.},
  volume={41},
  number={5},
  pages={1432--1437},
  year={2014},
  publisher={Wiley Online Library},
  doi={10.1002/2013GL058618}
}
@article{mastrogiuseppe2016radar,
  title={Radar Sounding Using the {C}assini Altimeter: Waveform Modeling and {M}onte {C}arlo Approach for Data Inversion of Observations of {T}itan's Seas.},
  author={Mastrogiuseppe, Marco and Hayes, A and Poggiali, V and Seu, Roberto and Lunine, Jonathan I and Hofgartner, JD},
  journal={IEEE T Geosci. Remote},
  volume={54},
  number={10},
  pages={5646--5656},
  year={2016},
  doi={10.1109/TGRS.2016.256342}
}
@article{mastrogiuseppe2018cassini,
title = "Cassini radar observation of {P}unga {M}are and environs: Bathymetry and composition",
journal = "Earth Planet. Sc. Lett.",
volume = "496",
pages = "89 - 95",
year = "2018",
doi = "https://doi.org/10.1016/j.epsl.2018.05.033",
author = "M. Mastrogiuseppe and V. Poggiali and A.G. Hayes and J.I. Lunine and R. Seu and G. Di Achille and R.D. Lorenz",

}
@article{mastrogiuseppe2018bathymetry,
  title={Bathymetry and composition of {T}itan's {O}ntario {L}acus derived from {M}onte {C}arlo-based waveform inversion of {C}assini {RADAR} altimetry data},
  author={Mastrogiuseppe, Marco and Hayes, Alexander G and Poggiali, Valerio and Lunine, Jonathan I and Lorenz, RD and Seu, Roberto and Le Gall, Alice and Notarnicola, C and Mitchell, Karl L and Malaska, Michael and others},
  journal={Icarus},
  volume={300},
  pages={203--209},
  year={2018},
  publisher={Elsevier},
  doi={10.1016/j.icarus.2017.09.009}
}
@article{matsuyama2014tidal,
  title={Tidal dissipation in the oceans of icy satellites},
  author={Matsuyama, Isamu},
  journal={Icarus},
  volume={242},
  pages={11--18},
  year={2014},
  publisher={Elsevier},
doi={10.1016/j.icarus.2014.07.005}
}
@article{matsuyama2018ocean,
  title={Ocean tidal heating in icy satellites with solid shells},
  author={Matsuyama, Isamu and Beuthe, Mikael and Hay, Hamish CFC and Nimmo, Francis and Kamata, Shunichi},
  journal={Icarus},
  volume={312},
  pages={208--230},
  year={2018},
  publisher={Elsevier},
  doi={/10.1016/j.icarus.2018.04.013}
}

@inproceedings{mcewen2005mapping,
  title={Mapping and monitoring the surface of {T}itan},
  author={McEwen, A and Turtle, E and Perry, J and Dawson, D and Fussner, S and Collins, G and Porco, C and Johnson, T and Soderblom, L},
  booktitle={Bulletin of the American Astronomical Society},
  volume={37},
  pages={739},
  year={2005}
}
@phdthesis{merian1828ueber,
  title={Ueber die Bewegung tropfbarer Fl{\"u}ssigkeiten in Gef{\"a}ssen [On the motion of drippable liquids in containers]},
  author={Merian, J},
  year={1828},
  school={PhD thesis, Basel, Schweighauser}
}
@article{meriggiola2016rotational,
  title={The rotational dynamics of {T}itan from {C}assini {RADAR} images},
  author={Meriggiola, Rachele and Iess, Luciano and Stiles, Bryan W and Lunine, Jonathan I and Mitri, Giuseppe},
  journal={Icarus},
  volume={275},
  pages={183--192},
  year={2016},
  publisher={Elsevier},
  doi={10.1016/j.icarus.2016.01.019}
}
@article{misiura2015numerical,
  title={Numerical modelling of sedimentary structures in rivers on {E}arth and {T}itan},
  author={Misiura, Katarzyna and Czechowski, Leszek},
  journal={Geol. Q.},
  volume={59},
  number={3},
  pages={565--580},
  year={2015},
  doi={10.7306/gq.1236}
}

@article{Mitchell2011locally,
  author={Mitchell, Jonathan L and {\'A}d{\'a}mkovics, M{\'a}t{\'e} and Caballero, Rodrigo and Turtle, Elizabeth P},
year = {2011},
month = {08},
pages = {589-592},
title = {Locally enhanced precipitation organized by planetary-scale waves on {T}itan},
volume = {4},
journal = {Nat. Geosci.},
doi = {10.1038/ngeo1219}
}

@article{mitchell2015laboratory,
  title={Laboratory measurements of cryogenic liquid alkane microwave absorptivity and implications for the composition of {L}igeia {M}are, {T}itan},
  author={Mitchell, Karl L and Barmatz, Martin B and Jamieson, Corey S and Lorenz, Ralph D and Lunine, Jonathan I},
  journal={Geophys. Res. Lett.},
  volume={42},
  number={5},
  pages={1340--1345},
  year={2015},
  publisher={Wiley Online Library},
  doi={10.1002/2014GL059475}
}
@article{mitri2014exploration,
  title={The exploration of {T}itan with an orbiter and a lake probe},
  author={Mitri, Giuseppe and Coustenis, Athena and Fanchini, Gilbert and Hayes, Alex G and Iess, Luciano and Khurana, Krishan and Lebreton, Jean-Pierre and Lopes, Rosaly M and Lorenz, Ralph D and Meriggiola, Rachele and others},
  journal={Planet. Space Sci.},
  volume={104},
  pages={78--92},
  year={2014},
  publisher={Elsevier},
  doi={10.1016/j.pss.2014.07.009}
}
@article{mitri2014shape,
title = "Shape, topography, gravity anomalies and tidal deformation of {T}itan",
journal = "Icarus",
volume = "236",
pages = "169 - 177",
year = "2014",
issn = "0019-1035",
doi = "10.1016/j.icarus.2014.03.018",
author = "Giuseppe Mitri and Rachele Meriggiola and Alex Hayes and Axel Lefevre and Gabriel Tobie and Antonio Genova and Jonathan I. Lunine and Howard Zebker"
}
@article{munk1950on,
author = {Munk, Walter H.},
title = {On the wind-driven ocean circulation},
journal = {J. Meteorol.},
volume = {7},
number = {2},
pages = {80-93},
year = {1950}
}
@article{naithani2002origin,
  title={Origin of intraseasonal variability in {L}ake {T}anganyika},
  author={Naithani, Jaya and Deleersnijder, Eric and Plisnier, Pierre-Denis},
  journal={Geophys. Res. Lett.},
  volume={29},
  number={23},
  year={2002},
  publisher={Wiley Online Library},
  doi={10.1029/2002GL015843}
}
@article{newman2011stratospheric,
  title={Stratospheric superrotation in the {TitanWRF} model},
  author={Newman, Claire E and Lee, Christopher and Lian, Yuan and Richardson, Mark I and Toigo, Anthony D},
  journal={Icarus},
  volume={213},
  number={2},
  pages={636--654},
  year={2011},
  publisher={Elsevier},
  doi={10.1016/j.icarus.2011.03.025}
}
@article{newman2016simulating,
  title={Simulating {T}itan’s methane cycle with the {TitanWRF} general circulation model},
  author={Newman, Claire E and Richardson, Mark I and Lian, Yuan and Lee, Christopher},
  journal={Icarus},
  volume={267},
  pages={106--134},
  year={2016},
  publisher={Elsevier},
  doi={10.1016/j.icarus.2015.11.028}
}
@article{niedda2007tidal,
  title={Tidal, seiche and wind dynamics in a small lagoon in the {M}editerranean {S}ea},
  author={Niedda, Marcello and Greppi, Mauro},
  journal={Estuar. Coast. and Shelf S.},
  volume={74},
  number={1-2},
  pages={21--30},
  year={2007},
  publisher={Elsevier},
  doi={10.1016/j.ecss.2007.03.022}
}
@article{niemann2005abundances,
  title={The abundances of constituents of {T}itan's atmosphere from the {GCMS} instrument on the {H}uygens probe},
  author={Niemann, H. B. and Atreya, S. K. and Bauer, S. J. and Carignan, G. R. and Demick, J. E. and Frost, R. L. and Gautier, D. and Haberman, J. A. and Harpold, D. N. and Hunten, D. M. and others},
  journal={Nature},
  volume={438},
  number={7069},
  pages={779--784},
  year={2005},
  publisher={Nature Publishing Group},
  doi={10.1038/nature04122}
}
@inproceedings{nimmo2004what,
  title={What is the {Y}oung’s modulus of ice?},
  author={Nimmo, Francis},
  booktitle={Workshop on {E}uropa’s Icy Shell},
  year={2004},
  note={Abstract $\#$7005},
  address={Lunar and Planetary Institute, {H}ouston}
}
@article{nimmo2010shell,
  title={Shell thickness variations and the long-wavelength topography of {T}itan},
  author={Nimmo, F and Bills, B G},
  journal={Icarus},
  volume={208},
  number={2},
  pages={896--904},
  year={2010},
  publisher={Elsevier},
  doi={10.1016/j.icarus.2010.02.020}
}
@misc{noaa2014range,
  title = {Do the {G}reat {L}akes have tides ?},
  howpublished = {\url{http://oceanservice.noaa.gov/facts/gltides.html}},
  note = {Accessed: 2015-08-21}, 
  author={{NOAA}},
  year={2014}
}
@article{okubo1971oceanic,
  title={Oceanic diffusion diagrams},
  author={Okubo, A.},
  journal={Deep-Sea Res.},
  volume={18},
  pages={789--802},
  year={1971},
  publisher={TOD DO},
  doi={TOD DO}
}
@article{orosei2018radar,
  title={Radar evidence of subglacial liquid water on {M}ars},
  author={Orosei, R and Lauro, SE and Pettinelli, E and Cicchetti, A and Coradini, M and Cosciotti, B and Di Paolo, F and Flamini, E and Mattei, E and Pajola, M and others},
  journal={Science},
  pages={eaar7268},
  year={2018},
  publisher={American Association for the Advancement of Science},
  doi={10.1126/science.aar7268 }
}
@article{o2014stability,
  title={Stability of ice/rock mixtures with application to a partially differentiated Titan},
  author={O’Rourke, Joseph G and Stevenson, David J},
  journal={Icarus},
  volume={227},
  pages={67--77},
  year={2014},
  publisher={Elsevier},
  doi={10.1016/j.icarus.2013.09.010}
}
@article{otto1990review,
  title={Review of the physical oceanography of the {N}orth {S}ea},
  author={Otto, L and Zimmerman, JTF and Furnes, GK and Mork, M and Saetre, R and Becker, G},
  journal={Neth. J. Sea Res.},
  volume={26},
  number={2},
  pages={161--238},
  year={1990},
  publisher={Elsevier},
  doi={10.1016/0077-7579(90)90091-T}
}
@article{pacanowski1981Parameterization,
  title={Parameterization of vertical mixing in numerical models of tropical oceans},
  author={Pacanowski, R.C. and Philander, S.G.H.},
  journal={J. Phys. Oceanogr.},
  volume={11},
  pages={1443--1451},
  year={1981},
  publisher={TOD DO},
doi={TOD DO}
}
@article{piperno1995partitioned,
  title={Partitioned procedures for the transient solution of coupled aroelastic problems {Part I:} Model problem, theory and two-dimensional application},
  author={Piperno, S and Farhat, C. and Larrouturou B.},
  journal={Comput. Method Appl. M.},
  volume={124},
  pages={79--112},
  year={1995},
  publisher={Elsevier},
doi={10.1016/0045-7825(95)92707-9}
}
@article{piperno2000design,
  title={Design of efficient partitioned procedures for the transient solution of aeroelastic problems},
  author={Piperno, Serge and Farhat, Charbel},
  journal={Rev. Eur. Elem. Fin.},
  volume={9},
  number={6-7},
  pages={655--680},
  year={2000},
  publisher={Taylor \& Francis},
  doi={10.1080/12506559.2000.10511480}
}
@article{piperno2001partitioned,
  title={Partitioned procedures for the transient solution of coupled aeroelastic problems--{Part II}: energy transfer analysis and three-dimensional applications},
  author={Piperno, Serge and Farhat, Charbel},
  journal={Comput. Method Appl. M.},
  volume={190},
  number={24},
  pages={3147--3170},
  year={2001},
  publisher={Elsevier},
doi={10.1016/S0045-7825(00)00386-8}
}
@article{poggiali2016liquid,
  title={Liquid-filled canyons on {T}itan},
  author={Poggiali, Valerio and Mastrogiuseppe, Marco and Hayes, A. G. and Seu, Roberto and Birch, S P D and Lorenz, R. D. and Grima, Cyril and Hofgartner, J. D.},
  journal={Geophys. Res. Lett.},
  volume={43},
  number={15},
  pages={7887--7894},
  year={2016},
  publisher={Wiley Online Library},
  doi={10.1002/2016GL069679}
}
@article{porco2004cassini,
  title={Cassini imaging science: Instrument characteristics and anticipated scientific investigations at {S}aturn},
  author={Porco, Carolyn C and West, Robert A and Squyres, Steven and Mcewen, Alfred and Thomas, Peter and Murray, Carl D and Delgenio, Anthony and Ingersoll, Andrew P and Johnson, Torrence V and Neukum, Gerhard and others},
  journal={Space Sci. Rev.},
  volume={115},
  number={1-4},
  pages={363--497},
  year={2004},
  publisher={Springer},
  doi={10.1007/s11214-004-1456-7}
}
@article{porco2005imaging,
  title={Imaging of {T}itan from the {C}assini spacecraft},
  author={Porco, Carolyn C and Baker, Emily and Barbara, John and Beurle, Kevin and Brahic, Andre and Burns, Joseph A and Charnoz, Sebastien and Cooper, Nick and Dawson, Douglas D and Del Genio, Anthony D and others},
  journal={Nature},
  volume={434},
  number={7030},
  pages={159},
  year={2005},
  publisher={Nature Publishing Group},
  doi={10.1038/nature03436}
}
@article{rappaport2008can,
  title={Can {C}assini detect a subsurface ocean in {T}itan from gravity measurements?},
  author={Rappaport, Nicole J and Iess, Luciano and Wahr, John and Lunine, J. I. and Armstrong, J. W. and Asmar, Sami W and Tortora, Paolo and Di Benedetto, Mauro and Racioppa, Paolo},
  journal={Icarus},
  volume={194},
  number={2},
  pages={711--720},
  year={2008},
  publisher={Elsevier},
  doi={10.1016/j.icarus.2007.11.024}
}
@article{remacle2018fast,
  title={Fast and robust mesh generation on the sphere—Application to coastal domains},
  author={Remacle, Jean-Fran{\c{c}}ois and Lambrechts, Jonathan},
  journal={Comput. Aided Design},
  volume={103},
  pages={14--23},
  year={2018},
  publisher={Elsevier},
doi={10.1016/j.cad.2018.03.002}
}

@article{richter2010finite,
  title={Finite elements for fluid--structure interaction in {ALE} and fully {E}ulerian coordinates},
  author={Richter, Th and Wick, Th},
  journal={Comput. Method Appl. M.},
  volume={199},
  number={41},
  pages={2633--2642},
  year={2010},
  publisher={Elsevier},
doi={10.1016/j.cma.2010.04.016}
}
@article{ringler2013multi,
  title={A multi-resolution approach to global ocean modeling},
  author={Ringler, Todd and Petersen, Mark and Higdon, Robert L and Jacobsen, Doug and Jones, Philip W and Maltrud, Mathew},
  journal={Ocean Model.},
  volume={69},
  pages={211--232},
  year={2013},
  publisher={Elsevier},
  doi={10.1016/j.ocemod.2013.04.010}
}
@inproceedings{rodriguez2013six,
  title={Six years of continuous observation of {T}itan cloud activity with {C}assini/{VIMS}},
  author={Rodriguez, S and Le Mou{\'e}lic, S and Rannou, P and Sotin, C and Brown, RH},
  booktitle={SF2A-2013: Proceedings of the Annual meeting of the French Society of Astronomy and Astrophysics},
  pages={71--74},
  year={2013}
}
@article{sagan1982tide,
  title={The tide in the seas of {T}itan},
  author={Sagan, C. and Dermott, S. F.},
  journal={Nature},
  volume={300},
  number={5894},
  pages={731--733},
  year={1982},
  publisher={Nature Publishing Group},
  doi={10.1038/300731a0}
}
@article{samuelson1981mean,
  title={Mean molecular weight and hydrogen abundance of {T}itan's atmosphere},
  author={Samuelson, R. E. and Hanel, R. A. and Kunde, V. G. and Maguire, W. C.},
  journal={Nature},
  volume={292},
  pages={688--693},
  year={1981}
}
@article{sauter1992multigrid,
  title={A multigrid method for the computation of eigenmodes of closed water basins},
  author={Sauter, Stefan and Wittum, Gabriel},
  journal={Impact Comput. Sci. Eng.},
  volume={4},
  number={2},
  pages={124--152},
  year={1992},
  publisher={Elsevier},
  doi={10.1016/0899-8248(92)90019-5}
}
@article{schneider2012polar,
  title={Polar methane accumulation and rainstorms on {T}itan from simulations of the methane cycle},
  author={Schneider, T and Graves, SDB and Schaller, EL and Brown, ME},
  journal={Nature},
  volume={481},
  number={7379},
  pages={58--61},
  year={2012},
  publisher={Nature Publishing Group},
  doi={10.1038/nature10666}
}
@Misc{scipy,
  author =    {Eric Jones and Travis Oliphant and Pearu Peterson and others},
  title =     {{SciPy}: Open source scientific tools for {Python}},
  year =      {2001},
  url = "http://www.scipy.org/",
  note = {[Online; accessed May 2018]}
}
@article{sears1995tidal,
  title={Tidal dissipation in oceans on {T}itan},
  author={Sears, W. D.},
  journal={Icarus},
  volume={113},
  number={1},
  pages={39--56},
  year={1995},
  publisher={Elsevier},
  doi={10.1006/icar.1995.1004}
  }
@article{seny2013multirate,
  title={{Multirate time stepping for accelerating explicit discontinuous {G}alerkin computations with application to geophysical flows}},
  author={Seny, Bruno and Lambrechts, Jonathan and Comblen, Richard and Legat, Vincent and Remacle, J-F},
  journal={Int. J. Numer. Meth. Fl.},
  volume={71},
  number={1},
  pages={41--64},
  year={2013},
  publisher={Wiley Online Library},
  doi={10.1002/fld.3646}
}

@article{seny2014efficient,
  title={{An efficient parallel implementation of explicit multirate {R}unge--{K}utta schemes for discontinuous {G}alerkin computations}},
  author={Seny, Bruno and Lambrechts, Jonathan and Toulorge, Thomas and Legat, Vincent and Remacle, Jean-Fran{\c{c}}ois},
  journal={J. Comput. Phys.},
  volume={256},
  pages={135--160},
  year={2014},
  publisher={Elsevier},
  doi={10.1016/j.jcp.2013.07.041}
}
@article{smagorinsky1963general,
  title={General circulation experiments with the primitive equations: {I}. the basic experiment},
  author={Smagorinsky, Joseph},
  journal={Mon. Weather Rev.},
  volume={91},
  number={3},
  pages={99--164},
  year={1963},
  doi = {10.1175/1520-0493(1963)091<0099:GCEWTP>2.3.CO;2}
}
@article{smith1975variation,
  title={Variation of the sea surface drag coefficient with wind speed},
  author={Smith, SD and Banke, EG},
  journal={D. J. Royal Meteorol. Soc.},
  volume={101},
  number={429},
  pages={665--673},
  year={1975},
  publisher={Wiley Online Library},
  doi={10.1002/qj.49710142920}
}
@article{soderlund2014ocean,
  title={Ocean-driven heating of {E}uropa’s icy shell at low latitudes},
  author={Soderlund, KM and Schmidt, BE and Wicht, J and Blankenship, DD},
  journal={Nature Geosci.},
  volume={7},
  number={1},
  pages={16},
  year={2014},
  publisher={Nature Publishing Group},
  doi={10.1038/ngeo2021}
}
@article{sohl1995tidal,
  title={Tidal dissipation on {T}itan},
  author={Sohl, Frank and Sears, William D and Lorenz, Ralph D},
  journal={Icarus},
  volume={115},
  number={2},
  pages={278--294},
  year={1995},
  publisher={Elsevier},
  doi={10.1006/icar.1995.1097}
}
@article{sohl2003interior,
  title={Interior structure models and tidal {L}ove numbers of {T}itan},
  author={Sohl, F and Hussmann, H and Schwentker, B and Spohn, T and Lorenz, R D},
  journal={J. Geophys. Res.-Planet.},
  volume={108},
  number={E12},
  year={2003},
  publisher={Wiley Online Library},
  doi={10.10029/2003JE002044}
}
@article{sohl2014structural,
  title={Structural and tidal models of {T}itan and inferences on cryovolcanism},
  author={Sohl, F and Solomonidou, A and Wagner, F W and Coustenis, A and Hussmann, H and Schulze-Makuch, D},
  journal={J. Geophys. Res.-Planet.},
  volume={119},
  number={5},
  pages={1013--1036},
  year={2014},
  publisher={Wiley Online Library},
  doi={10.1002/2013JE004512}
}
@article{sotin2012observations,
  title={Observations of {T}itan$'$s Northern lakes at 5$\mu$m: {I}mplications for the organic cycle and geology},
  author={Sotin, C and Lawrence, K. J. and Reinhardt, B and Barnes, J. W. and Brown, R. H. and Hayes, A. G. and Le Mou{\'e}lic, S and Rodriguez, S and Soderblom, J. M. and Soderblom, L. A. and others},
  journal={Icarus},
  volume={221},
  number={2},
  pages={768--786},
  year={2012},
  publisher={Elsevier},
  doi={10.1016/j.icarus.2012.08.017}
}
@inproceedings{sotin2017oceanus,
  title={Oceanus: A New Frontiers orbiter to study {T}itan's potential habitability},
  author={Sotin, C. and Hayes, A. G. and Malaska, M. J. and Nimmo, F. and Trainer, M. and Mastrogiuseppe, M. and Soderblom, J. M. and Tortora, P. and Hofgartner, J. D. and Aharonson, O. and Barnes, J. W. and Hodyss, R. and Iess, L. and Kirk, R. L. and Lavvas, P. and Lorenz, R. D. and Lunine, J. I. and Mazarico, E. and McEwen, A. S. and Neish, C. and Nixon, C. A. and Turtle, E. P. and Vuitton, V. and Yelle, R.},
  booktitle = {48th Lunar and Planetary Science Conference},
  year = {2017},
  series = {Lunar and Planetary Science Conference},
  volume = {48},
  month = {3},
  eid = {2306},
  pages = {2306},
  adsurl = {http://adsabs.harvard.edu/abs/2017LPI....48.2306S},
  adsnote = {Provided by the SAO/NASA Astrophysics Data System}
}
@INPROCEEDINGS{soto2015mesoscale,
   author = {{Soto}, A. and {Rafkin}, S.},
    title = "{Mesoscale Circulations over Titan's Lakes}",
booktitle = {EGU General Assembly Conference Abstracts},
     year = 2015,
   series = {EGU General Assembly Conference Abstracts},
   volume = 17,
    month = apr,
      eid = {6146},
    pages = {6146},
   adsurl = {http://adsabs.harvard.edu/abs/2015EGUGA..17.6146S},
  adsnote = {Provided by the SAO/NASA Astrophysics Data System}
}
@inproceedings{stevenson1992interior,
  title={Interior of {T}itan},
  author={Stevenson, D. J.},
  booktitle={Titan Symposium},
  pages={29--33},
  year={1992},
  address={Toulouse, France},
  key={ESA SP-338}
}
@article{stofan2007lakes,
  title={The lakes of {T}itan},
  author={Stofan, E. R. and Elachi, C. and Lunine, J. I. and Lorenz, R. D. and Stiles, B. and Mitchell, K. L. and Ostro, S. and Soderblom, L. and Wood, C. and Zebker, H. and others},
  journal={Nature},
  volume={445},
  number={7123},
  pages={61--64},
  year={2007},
  publisher={Nature Publishing Group},
  doi={10.1038/nature05438}
}
@inproceedings{stofan2012shorelines,
author = {Stofan, E. and Lunine, J. and Lorenz, Ralph and Kirk, R. and Aharonson, Oded and Hayes, Alexander and Lucas, Antoine and Turtle, E. and Wall, Steve and Wood, Charles},
year = {2012},
month = {03},
pages = {1556-},
title = {Shorelines of {L}igeia {M}are, {T}itan}
}
@article{stommel1948westward,
  title={The westward intensification of wind-driven ocean currents},
  author={Stommel, Henry},
  journal={Eos, T. Am. Geophy. U.},
  volume={29},
  number={2},
  pages={202--206},
  year={1948},
doi = {10.1029/TR029i002p00202},
  publisher={Wiley Online Library}
}
@article{takeuchi1972seismic,
  title={Seismic surface waves},
  author={Takeuchi, H and Saito, M and Bolt, BA},
  journal={Meth. comput. phys.},
  volume={11},
  pages={217--295},
  year={1972},
doi={10.1016/B978-0-12-460811-5.50010-6}
}
@article{tan2013titan,
  title={Titan's atmosphere and surface liquid: New calculation using Statistical Associating Fluid Theory},
  author={Tan, S. P. and Kargel, J. S. and Marion, G. M.},
  journal={Icarus},
  volume={222},
  number={1},
  pages={53--72},
  year={2013},
  publisher={Elsevier},
  doi={10.1016/j.icarus.2012.10.032}
}
@article{tan2015titan,
  title={Titan's liquids: Exotic behavior and its implications on global fluid circulation},
  author={Tan, Sugata P and Kargel, Jeffrey S and Jennings, Donald E and Mastrogiuseppe, Marco and Adidharma, Hertanto and Marion, Giles M},
  journal={Icarus},
  volume={250},
  pages={64--75},
  year={2015},
  publisher={Elsevier}, 
  doi={10.1016/j.icarus.2014.11.029}
}
@article{thomas2014numerical,
	title = {Numerical modelling and graph theory tools to study ecological connectivity in the {Great} {Barrier} {Reef}},
	volume = {272},
	issn = {0304-3800},
	doi = {10.1016/j.ecolmodel.2013.10.002},
	urldate = {2017-01-31},
	journal = {Ecol. Model.},
	author = {Thomas, Christopher J. and Lambrechts, Jonathan and Wolanski, Eric and Traag, Vincent A. and Blondel, Vincent D. and Deleersnijder, Eric and Hanert, Emmanuel},
	month = jan,
	year = {2014},
	keywords = {Community detection, Coral, Graph theory, Great Barrier Reef, Larval dispersal, Marine connectivity},
	pages = {160--174}
}
@article{tobie2006episodic,
  title={Episodic outgassing as the origin of atmospheric methane on {T}itan},
  author={Tobie, Gabriel and Lunine, Jonathan I and Sotin, Christophe},
  journal={Nature},
  volume={440},
  number={7080},
  pages={61--64},
  year={2006},
  publisher={Nature Publishing Group}, 
  doi={10.1038/nature04497}
}
@article{tobie2012titan,
  title={Titan's bulk composition constrained by {C}assini-{H}uygens: implication for internal outgassing},
  author={Tobie, G and Gautier, D and Hersant, F},
  journal={Astrophys. J.},
  volume={752},
  number={2},
  pages={125},
  year={2012},
  publisher={IOP Publishing},
  doi={10.1088/0004-637X/752/2/12}
}

@article{tokano2008dune,
  title={Dune-forming winds on {T}itan and the influence of topography},
  author={Tokano, T.},
  journal={Icarus},
  volume={194},
  number={1},
  pages={243--262},
  year={2008},
  publisher={Elsevier},
  doi={10.1016/j.icarus.2007.10.007}
}
@article{tokano2009impact,
  title={Impact of seas/lakes on polar meteorology of {T}itan: Simulation by a coupled {GCM}-{S}ea model},
  author={Tokano, T.},
  journal={Icarus},
  volume={204},
  number={2},
  pages={619--636},
  year={2009},
  publisher={Elsevier},
  doi={10.1016/j.icarus.2009.07.032}
}
@article{tokano2010simulation,
  title={Simulation of tides in hydrocarbon lakes on {S}aturn's moon {T}itan},
  author={Tokano, T.},
  journal={Ocean Dyn.},
  volume={60},
  number={4},
  pages={803--817},
  year={2010},
  publisher={Springer},
  doi={10.1007/s10236-010-0285-3}
}
@article{tokano2014numerical,
  title={Numerical simulation of tides and oceanic angular momentum of {T}itan$'$s hydrocarbon seas},
  author={Tokano, Tetsuya and Lorenz, R. D. and Van Hoolst, Tim},
  journal={Icarus},
  volume={242},
  pages={188--201},
  year={2014},
  publisher={Elsevier},
  doi={10.1016/j.icarus.2014.08.021}
}
@article{tokano2015wind,
  title={{W}ind-driven circulation in {T}itan's seas},
  author={Tokano, Tetsuya and Lorenz, Ralph D},
  journal={J. Geophys. Res.-Planet.},
  volume={120},
  pages={20--23},
  year={2015},
  publisher={Wiley Online Library},
  doi={10.1002/2014JE004751}
}
@article{tokano2015sun,
  title={Sun-stirred {K}raken {M}are: {C}irculation in {T}itan$'$s seas induced by solar heating and methane precipitation},
  author={Tokano, Tetsuya and Lorenz, R. D.},
  journal={Icarus},
  volume={270},
  pages={67--84},
  year={2016},
  publisher={Elsevier},
  doi={10.1016/j.icarus.2015.08.033}
}
@article{tokano2019modeling,
  title={Modeling of seasonal lake level fluctuations of {T}itan's seas/lakes},
  author={Tokano, Tetsuya and Lorenz, Ralph D},
  journal={J. Geophys. Res.-Planet.},
  volume={124},
  number={2},
  pages={617--635},
  year={2019},
  publisher={Wiley Online Library},
  doi={10.1029/2018JE005898}
}
@article{toon1988methane,
  title={Methane rain on {T}itan},
  author={Toon, Owen B and McKay, Christopher P and Courtin, Regis and Ackerman, Thomas P},
  journal={Icarus},
  volume={75},
  number={2},
  pages={255--284},
  year={1988},
  publisher={Elsevier},
  doi={10.1016/0019-1035(88)90005-X}
}
@article{tseng2012spatial,
  title={Spatial organization of the extracellular matrix regulates cell--cell junction positioning},
  author={Tseng, Qingzong and Duchemin-Pelletier, Eve and Deshiere, Alexandre and Balland, Martial and Guillou, Herv{\'e} and Filhol, Odile and Th{\'e}ry, Manuel},
  journal={P. Natl. Acad. Sci.},
  volume={109},
  number={5},
  pages={1506--1511},
  year={2012},
  publisher={National Acad Sciences},
  doi={10.1073/pnas.1106377109}
}
@article{turtle2011shoreline,
  title={Shoreline retreat at {T}itan's {O}ntario {L}acus and {A}rrakis {P}lanitia from {C}assini imaging science subsystem observations},
  author={Turtle, E. P. and Perry, J. E. and Hayes, A. G. and McEwen, A. S.},
  journal={Icarus},
  volume={212},
  number={2},
  pages={957--959},
  year={2011},
  publisher={Elsevier},
  doi={10.1016/j.icarus.2011.02.005}
}

@inproceedings{turtle2017dragonfly,
  title={Dragonfly: In Situ Exploration of {T}itan's Prebiotic Organic Chemistry and Habitability},
  author={Turtle, EP and Barnes, JW and Trainer, MG and Lorenz, RD and Hibbard, KE and Adams, DS and Bedini, P and Langelaan, JW and Zacny, K},
  booktitle={European Planetary Science Congress},
  volume={11},
  year={2017},
  pages={EPSC2017-349-4}
}
@article{turtle2018titan,
  title={Titan's meteorology over the {C}assini mission: Evidence for extensive subsurface methane reservoirs},
  author={Turtle, EP and Perry, JE and Barbara, JM and Del Genio, AD and Rodriguez, S and Le Mou{\'e}lic, S and Sotin, C and Lora, JM and Faulk, S and Corlies, P and others},
  journal={Geophys. Res. Lett.},
  volume={45},
  number={11},
  pages={5320--5328},
  year={2018},
  publisher={Wiley Online Library},
  doi={10.1029/2018GL078170}
}
@article{tyler2008strong,
  title={Strong ocean tidal flow and heating on moons of the outer planets},
  author={Tyler, R. H.},
  journal={Nature},
  volume={456},
  number={7223},
  pages={770--772},
  year={2008},
  publisher={Nature Publishing Group},
  doi={10.1038/nature07571}
}
@article{tyler2014comparative,
  title={Comparative estimates of the heat generated by ocean tides on icy satellites in the outer {S}olar {S}ystem},
  author={Tyler, R. H.},
  journal={Icarus},
  volume={243},
  pages={358--385},
  year={2014},
  publisher={Nature Publishing Group},
  doi={10.1016/j.icarus.2014.08.037}
}
@article{vallaeys2020congo,
  title={Understanding the circulation in the deep, micro-tidal and strongly stratified {C}ongo {R}iver {ROFI}},
  author={Vallaeys, Valentin and Lambrechts, Jonathan and Delandmeter, Philippe and Pätsch, Johannes and Spitzy, Alejandro and Hanert, Emmanuel and Deleersnijder, Eric},
  journal={Ocean Model.},
  volume={submitted},
  pages={},
  year={2020},
  publisher={Elsevier},
  doi={}
}
@inproceedings{vallaeys2018discontinuous,
  title={Discontinuous Galerkin modelling of the Congo River's coupled estuary-shelf dynamics},
  author={Vallaeys, Valentin and Lambrechts, Jonathan and Hanert, Emmanuel and Deleersnijder, Eric},
  booktitle={European Geosciences Union General Assembly 2018},
  year={2018},
  pages={EGU2018-14906}
}
@article{vallaeys2018columbia,
  title={Discontinuous Galerkin modeling of the Columbia River’s coupled estuary-plume dynamics},
  author={Vallaeys, Valentin and K{\"a}rn{\"a}, Tuomas and Delandmeter, Philippe and Lambrechts, Jonathan and Baptista, Ant{\'o}nio M and Deleersnijder, Eric and Hanert, Emmanuel},
  journal={Ocean Model.},
  volume={124},
  pages={111--124},
  year={2018},
  publisher={Elsevier}
}
@phdthesis{vallaeys2018thesis,
  title={Discontinuous {G}alerkin finite element modelling of estuarine and plume dynamics},
  author={Vallaeys, Valentin},
  year={2018},
  school={UCLouvain}
}
@article{van2016simulations,
	title = {Simulations of the flow in the {Mahakam} river{\textendash}lake{\textendash}delta system, {Indonesia}},
	volume = {16},
	issn = {1567-7419, 1573-1510},
	doi = {10.1007/s10652-016-9445-4},
	language = {en},
	number = {3},
	urldate = {2017-02-01},
	journal = {Environ. Fluid Mech.},
	author = {Pham Van, Chien and de Brye, Benjamin and Deleersnijder, Eric and Hoitink, A. J. F. and Sassi, Maximiliano and Spinewine, Benoit and Hidayat, Hidayat and Soares-Fraz{\~a}o, Sandra},
	month = jun,
	year = {2016},
	pages = {603--633}
}
@article{van2016modelling,
  title={Modelling fine-grained sediment transport in the {M}ahakam land--sea continuum, {I}ndonesia},
  author={Van, Chien Pham and Gourgue, Olivier and Sassi, Maximiliano and Hoitink, AJF and Deleersnijder, Eric and Soares-Fraz{\~a}o, Sandra},
  journal={J. hydro-environ. res.},
  volume={13},
  pages={103--120},
  year={2016},
  publisher={Elsevier},
  doi={10.1016/j.jher.2015.04.005}
}

@article{vance2009oceanography,
author = {Vance, Steven and Goodman, J.},
year = {2009},
month = {01},
pages = {},
title = {Oceanography of an Ice-Covered Moon},
journal = {Europa}
}

@article{vance2018geophysical,
  title={Geophysical investigations of habitability in ice-covered ocean worlds},
  author={Vance, Steven D and Panning, Mark P and St{\"a}hler, Simon and Cammarano, Fabio and Bills, Bruce G and Tobie, Gabriel and Kamata, Shunichi and Kedar, Sharon and Sotin, Christophe and Pike, William T and others},
  journal={J. Geophys. Res.-Planet.},
  volume={123},
  number={1},
  pages={180--205},
  year={2018},
  publisher={Wiley Online Library},
  doi={10.1002/2017JE005341}
}

@article{ventura2012electromagnetic,
  title={Electromagnetic models and inversion techniques for {T}itan's {O}ntario {L}acus depth estimation from {C}assini {RADAR} data},
  author={Ventura, B. and Notarnicola, C. and Casarano, D. and Posa, F. and Hayes, A. G. and Wye, L.},
  journal={Icarus},
  volume={221},
  number={2},
  pages={960--969},
  year={2012},
  publisher={Elsevier},
  doi={10.1016/j.icarus.2012.09.011}
}
@article{vienne1991general,
  title={{A general theory of motion for the eight major satellites of Saturn. II-Short-period perturbations}},
  author={Vienne, A and Duriez, L},
  journal={Astron. Astrophys.},
  volume={246},
  pages={619--633},
  year={1991}
}
@article{vienne1992general,
  title={{A general theory of motion for the eight major satellites of Saturn. III-Long-period perturbations}},
  author={Vienne, A and Duriez, L},
  journal={Astron. Astrophys.},
  volume={257},
  pages={331--352},
  year={1992}
}
@article{vienne1995tass1,
  title={{TASS1. 6: E}phemerides of the major {S}aturnian satellites.},
  author={Vienne, Alain and Duriez, Luc},
  journal={Astron. Astrophys.},
  volume={297},
  pages={588},
  year={1995}
}
@article{vincent2016numerical,
  title={Numerical study of tides in {O}ntario {L}acus, a hydrocarbon
lake on the surface of the {S}aturnian moon {T}itan},
  author={Vincent, D. and Karatekin, {\"O}. and Vallaeys, V. and Hayes, A. G. and Mastrogiuseppe, M. and Notarnicola, C. and Dehant, V. and Deleersnijder, E. },
  journal={Ocean Dyn.},
  volume={66},
  number={4},
  pages={461--482},
  year={2016},
  publisher={Springer},
  doi={10.1007/s10236-016-0926-2}
}
@inproceedings{vincent2017study,
  title={Study of liquid exchanges between Titan seas Kraken Mare and Ligeai Mare},
  author={Vincent, David and Karatekin, Ozgur and Dehant, Véronique and Deleersnijder, Eric},
  booktitle={European Geosciences Union General Assembly 2017},
  year={2017},
  pages={EGU2017-855}
}
@article{vincent2018numerical,
  title={A numerical study of tides in {T}itan's northern seas, {K}raken and {L}igeia {M}aria},
  author={Vincent, David and Karatekin, {\"O}zg{\"u}r and Lambrechts, Jonathan and Lorenz, Ralph D and Dehant, V{\'e}ronique and Deleersnijder, {\'E}ric},
  journal={Icarus},
  volume={310},
  pages={105--126},
  year={2018},
  publisher={Elsevier},
  doi={10.1016/j.icarus.2017.12.018}
}
@article{vincent2019normal,
  title={Normal modes and resonance in Ontario Lacus: a hydrocarbon lake of Titan},
  author={Vincent, David and Lambrechts, Jonathan and Karatekin, {\"O}zg{\"u}r and Van Hoolst, Tim and Tyler, Robert H and Dehant, V{\'e}ronique and Deleersnijder, Eric},
  journal={Ocean Dyn.},
  pages={1--12},
  year={2019},
  publisher={Springer},
  doi={10.1007/s10236-019-01290-2}
}

@book{volkov2002polar,
  title={Polar seas oceanography: an integrated case study of the {K}ara {S}ea},
  author={Volkov, Vladimir A},
  year={2002},
  publisher={Springer Science \& Business Media},
  doi={10.1029/2004EO080011}
}
@article{wahr2006tides,
  title={Tides on Europa, and the thickness of Europa’s icyshell},
  author = {Wahr, J. M. and Zuber, M. T. and Smith, D. E. and Lunine, J. I.},
  journal = {J. Geophys. Res.-Planet.},
  volume = {111},
  number = {E12},
  doi = {10.1029/2006JE002729},
  year = {2006}
}
@article{wahr2009modeling,
  title={Modeling stresses on satellites due to nonsynchronous rotation and orbital eccentricity using gravitational potential theory},
  author={Wahr, John and Selvans, Zane A and Mullen, McCall E and Barr, Amy C and Collins, Geoffrey C and Selvans, Michelle M and Pappalardo, Robert T},
  journal={Icarus},
  volume={200},
  number={1},
  pages={188--206},
  year={2009},
  publisher={Elsevier},
  doi={10.1016/j.icarus.2008.11.002}
}

@article{wall2010active,
  title={Active shoreline of {O}ntario {L}acus, {T}itan: A morphological study of the lake and its surroundings},
  author={Wall, S. and Hayes, A. G. and Bristow, C. and Lorenz, R. D. and Stofan, E. R. and Lunine, J. I. and Le Gall, A. and Janssen, M. and Lopes, R. and Wye, L. and others},
  journal={Geophys. Res. Lett.},
  volume={37},
  number={5},
  year={2010},
  pages = {L05202},
  publisher={Wiley Online Library},
  doi={10.1029/2009GL041821}
}
@article{wang2008finite,
  title={Finite element ocean circulation model based on triangular prismatic elements, with application in studying the effect of topography representation},
  author={Wang, Qiang and Danilov, Sergey and Schr{\"o}ter, Jens},
  journal={J. Geophys. Res.-Oceans},
  volume={113},
  number={C5},
  year={2008},
  publisher={Wiley Online Library},
  doi={10.1029/2007JC004482 }
}
@article{webb2013shelf,
  title={{On the shelf resonances of the {E}nglish {C}hannel and {I}rish {S}ea}},
  author={Webb, DJ},
  journal={Ocean Sci.},
  volume={9},
  number={4},
  pages={731--744},
  year={2013},
  doi={10.5194/os-9-731-2013}
}
@incollection{wenzel1997tide,
  title={Tide-generating potential for the {E}arth},
  author={Wenzel, Hans-Georg},
  booktitle={Tidal phenomena},
  pages={9--26},
  year={1997},
  publisher={Springer},
doi={10.1007/BFb0011455}
}
@article{white2008three,
	title = {A three-dimensional unstructured mesh finite element shallow-water model, with application to the flows around an island and in a wind-driven, elongated basin},
	volume = {22},
	issn = {1463-5003},
	doi = {10.1016/j.ocemod.2008.01.001},
	number = {1{\textendash}2},
	urldate = {2017-01-31},
	journal = {Ocean Model.},
	author = {White, Laurent and Deleersnijder, Eric and Legat, Vincent},
	year = {2008},
	pages = {26--47}
}
@article{white2008tracer,
  title={Tracer conservation for three-dimensional, finite-element, free-surface, ocean modeling on moving prismatic meshes},
  author={White, Laurent and Legat, Vincent and Deleersnijder, Eric},
  journal={Month. weather rev.},
  volume={136},
  number={2},
  pages={420--442},
  year={2008},
  doi={10.1175/2007MWR2137.1}
}
@article{williamson1992standard,
  title={A standard test set for numerical approximations to the shallow water equations in spherical geometry},
  author={Williamson, David L and Drake, John B and Hack, James J and Jakob, R{\"u}diger and Swarztrauber, Paul N},
  journal={J. Comput. Phys.},
  volume={102},
  number={1},
  pages={211--224},
  year={1992},
  publisher={Elsevier},
doi={10.1016/S0021-9991(05)80016-6}
}
@article{zhang2008selfe,
  title={{SELFE: a semi-implicit {E}ulerian--{L}agrangian finite-element model for cross-scale ocean circulation}},
  author={Zhang, Yinglong and Baptista, Ant{\'o}nio M},
  journal={Ocean model.},
  volume={21},
  number={3-4},
  pages={71--96},
  year={2008},
  publisher={Elsevier},
  doi={10.1016/j.ocemod.2007.11.005}
}
@article{zebker2009size,
  title={Size and shape of {S}aturn's moon {T}itan},
  author={Zebker, Howard A and Stiles, Bryan and Hensley, Scott and Lorenz, Ralph and Kirk, Randolph L and Lunine, Jonathan},
  journal={Science},
  volume={324},
  number={5929},
  pages={921--923},
  year={2009},
  publisher={American Association for the Advancement of Science},
  doi={10.1126/science.1168905 }
}

