
@article{le_bars_unstructured-mesh_2016,
	title = {Unstructured-mesh modeling of the {Congo} river-to-sea continuum},
	volume = {66},
	issn = {1616-7341, 1616-7228},
	doi = {10.1007/s10236-016-0939-x},
	language = {en},
	number = {4},
	urldate = {2017-01-31},
	journal = {Ocean Dynamics},
	author = {Le Bars, Yoann and Vallaeys, Valentin and Deleersnijder, Eric and Hanert, Emmanuel and Carrere, Loren and Channeli{\`e}re, Claire},
	month = apr,
	year = {2016},
	pages = {589--603}
}

@article{lopez_benchmarking_2017,
	title = {Benchmarking an unstructured grid sediment model in an energetic estuary},
	volume = {110},
	issn = {14635003},
	doi = {10.1016/j.ocemod.2016.12.006},
	language = {en},
	urldate = {2017-01-31},
	journal = {Ocean Modelling},
	author = {Lopez, Jesse E. and Baptista, Ant{\'o}nio M.},
	month = feb,
	year = {2017},
	pages = {32--48}
}

@article{karna_numerical_2015,
	title = {Numerical modeling of circulation in high-energy estuaries: {A} {Columbia} {River} estuary benchmark},
	volume = {88},
	issn = {14635003},
	shorttitle = {Numerical modeling of circulation in high-energy estuaries},
	doi = {10.1016/j.ocemod.2015.01.001},
	language = {en},
	urldate = {2017-01-31},
	journal = {Ocean Modelling},
	author = {K{\"a}rn{\"a}, Tuomas and Baptista, Ant{\'o}nio M. and Lopez, Jesse E. and Turner, Paul J. and McNeil, Craig and Sanford, Thomas B.},
	month = apr,
	year = {2015},
	pages = {54--71}
}

@article{karna_evaluation_2016,
	title = {Evaluation of a long-term hindcast simulation for the {Columbia} {River} estuary},
	volume = {99},
	issn = {14635003},
	doi = {10.1016/j.ocemod.2015.12.007},
	language = {en},
	urldate = {2017-01-31},
	journal = {Ocean Modelling},
	author = {K{\"a}rn{\"a}, Tuomas and Baptista, Ant{\'o}nio M.},
	month = mar,
	year = {2016},
	pages = {1--14}
}

@article{horner-devine_conceptual_2009,
	title = {A conceptual model of the strongly tidal {Columbia} {River} plume},
	volume = {78},
	issn = {09247963},
	doi = {10.1016/j.jmarsys.2008.11.025},
	language = {en},
	number = {3},
	urldate = {2017-01-31},
	journal = {Journal of Marine Systems},
	author = {Horner-Devine, Alexander R. and Jay, David A. and Orton, Philip M. and Spahn, Emily Y.},
	month = oct,
	year = {2009},
	pages = {460--475}
}

@article{maccready_model_2009,
	title = {A model study of tide- and wind-induced mixing in the {Columbia} {River} {Estuary} and plume},
	volume = {29},
	issn = {02784343},
	doi = {10.1016/j.csr.2008.03.015},
	language = {en},
	number = {1},
	urldate = {2017-01-31},
	journal = {Continental Shelf Research},
	author = {MacCready, Parker and Banas, Neil S. and Hickey, Barbara M. and Dever, Edward P. and Liu, Yonggang},
	month = jan,
	year = {2009},
	pages = {278--291}
}

@article{delandmeter_transport_2015,
	title = {The transport and fate of riverine fine sediment exported to a semi-open system},
	volume = {167},
	issn = {02727714},
	doi = {10.1016/j.ecss.2015.10.011},
	language = {en},
	urldate = {2017-01-31},
	journal = {Estuarine, Coastal and Shelf Science},
	author = {Delandmeter, Philippe and Lewis, Stephen E. and Lambrechts, Jonathan and Deleersnijder, Eric and Legat, Vincent and Wolanski, Eric},
	month = dec,
	year = {2015},
	pages = {336--346}
}

@article{burla_seasonal_2010,
	title = {Seasonal and interannual variability of the {Columbia} {River} plume: {A} perspective enabled by multiyear simulation databases},
	volume = {115},
	issn = {0148-0227},
	shorttitle = {Seasonal and interannual variability of the {Columbia} {River} plume},
	doi = {10.1029/2008JC004964},
	language = {en},
	urldate = {2017-01-31},
	journal = {Journal of Geophysical Research},
	author = {Burla, Michela and Baptista, Ant{\'o}nio M. and Zhang, Yinglong and Frolov, Sergey},
	month = jan,
	year = {2010}
}

@article{baptista_infrastructure_2015,
	title = {Infrastructure for collaborative science and societal applications in the {Columbia} {River} estuary},
	volume = {9},
	issn = {2095-0195, 2095-0209},
	doi = {10.1007/s11707-015-0540-5},
	language = {en},
	number = {4},
	journal = {Frontiers of Earth Science},
	author = {Baptista, Ant{\'o}nio M. and Seaton, Charles and Wilkin, Michael P. and Riseman, Sarah F. and Needoba, Joseph A. and Maier, David and Turner, Paul J. and K{\"a}rn{\"a}, Tuomas and Lopez, Jesse E. and Herfort, Lydie and Megler, V. M. and McNeil, Craig and Crump, Byron C. and Peterson, Tawnya D. and Spitz, Yvette H. and Simon, Holly M.},
	month = dec,
	year = {2015},
	pages = {659--682}
}

@article{hickey_oceanography_2003,
	title = {Oceanography of the {US} {Pacific} {Northwest} coastal ocean and estuaries with application to coastal ecology},
	volume = {26},
	number = {4},
	urldate = {2017-01-31},
	journal = {Estuaries and Coasts},
	author = {Hickey, Barbara M. and Banas, Neil S.},
	year = {2003},
	pages = {1010--1031},
        doi = {10.1007/BF02803360}
}

@article{liu_evaluation_2009,
	title = {Evaluation of a coastal ocean circulation model for the {Columbia} {River} plume in summer 2004},
	volume = {114},
	issn = {0148-0227},
	doi = {10.1029/2008JC004929},
	language = {en},
	urldate = {2017-01-31},
	journal = {Journal of Geophysical Research},
	author = {Liu, Yonggang and MacCready, Parker and Hickey, Barbara M. and Dever, Edward P. and Kosro, P. Michael and Banas, Neil S.},
	month = mar,
	year = {2009}
}

@article{liu_columbia_2009,
	title = {Columbia {River} plume patterns in summer 2004 as revealed by a hindcast coastal ocean circulation model},
	volume = {36},
	issn = {00948276},
	shorttitle = {Columbia {River} plume patterns in summer 2004 as revealed by a hindcast coastal ocean circulation model},
	doi = {10.1029/2008GL036447},
	language = {en},
	number = {2},
	urldate = {2017-01-31},
	journal = {Geophysical Research Letters},
	author = {Liu, Yonggang and MacCready, Parker and Hickey, Barbara M.},
	month = jan,
	year = {2009},
	note = {{L}02601}
}

@article{vincent_numerical_2016,
	title = {Numerical study of tides in {Ontario} {Lacus}, a hydrocarbon lake on the surface of the {Saturnian} moon {Titan}},
	volume = {66},
	issn = {1616-7341, 1616-7228},
	doi = {10.1007/s10236-016-0926-2},
	language = {en},
	number = {4},
	urldate = {2017-01-31},
	journal = {Ocean Dynamics},
	author = {Vincent, David and Karatekin, {\"O}zgur and Vallaeys, Valentin and Hayes, Alexander G. and Mastrogiuseppe, Marco and Notarnicola, Claudia and Dehant, V{\'e}ronique and Deleersnijder, Eric},
	month = apr,
	year = {2016},
	pages = {461--482}
}

@article{lambrechts_multi-scale_2008,
	title = {A multi-scale model of the hydrodynamics of the whole {Great} {Barrier} {Reef}},
	volume = {79},
	issn = {0272-7714},
	doi = {10.1016/j.ecss.2008.03.016},
	urldate = {2017-01-31},
	journal = {Estuarine, Coastal and Shelf Science},
	author = {Lambrechts, Jonathan and Hanert, Emmanuel and Deleersnijder, Eric and Bernard, Paul-Emile and Legat, Vincent and Remacle, Jean-Fran{\c c}ois and Wolanski, Eric},
	month = aug,
	year = {2008},
	keywords = {East Australian Current, finite elements, Great Barrier Reef, hydrodynamics, shelf dynamics, unstructured mesh},
	pages = {143--151}
}

@article{white_three-dimensional_2008,
	title = {A three-dimensional unstructured mesh finite element shallow-water model, with application to the flows around an island and in a wind-driven, elongated basin},
	volume = {22},
	issn = {1463-5003},
	doi = {10.1016/j.ocemod.2008.01.001},
	number = {1{\textendash}2},
	urldate = {2017-01-31},
	journal = {Ocean Modelling},
	author = {White, Laurent and Deleersnijder, Eric and Legat, Vincent},
	year = {2008},
	pages = {26--47}
}

@article{de_brye_finite-element_2010,
	title = {A finite-element, multi-scale model of the {Scheldt} tributaries, river, estuary and {ROFI}},
	volume = {57},
	issn = {0378-3839},
	doi = {10.1016/j.coastaleng.2010.04.001},
	number = {9},
	urldate = {2017-01-31},
	journal = {Coastal Engineering},
	author = {{de Brye}, Benjamin and de Brauwere, Anouk and Gourgue, Olivier and K{\"a}rn{\"a}, Tuomas and Lambrechts, Jonathan and Comblen, Richard and Deleersnijder, Eric},
	month = sep,
	year = {2010},
	keywords = {Finite-element, hydrodynamics, Lagrangian residual velocity, Model, Multi-scale, Salinity, Scheldt Estuary, Tide},
	pages = {850--863}
}

@article{blaise2010discontinuous,
	title = {A discontinuous finite element baroclinic marine model on unstructured prismatic meshes},
	volume = {60},
	issn = {1616-7341, 1616-7228},
	doi = {10.1007/s10236-010-0358-3},
	language = {en},
	number = {6},
	urldate = {2017-01-31},
	journal = {Ocean Dynamics},
	author = {Blaise, S{\'e}bastien and Comblen, Richard and Legat, Vincent and Remacle, Jean-Fran{\c c}ois and Deleersnijder, Eric and Lambrechts, Jonathan},
	month = dec,
	year = {2010},
	pages = {1371--1393}
}

@article{comblen2010discontinuous,
	title = {A discontinuous finite element baroclinic marine model on unstructured prismatic meshes},
	volume = {60},
	issn = {1616-7341, 1616-7228},
	doi = {10.1007/s10236-010-0357-4},
	language = {en},
	number = {6},
	urldate = {2017-01-31},
	journal = {Ocean Dynamics},
	author = {Comblen, Richard and Blaise, S{\'e}bastien and Legat, Vincent and Remacle, Jean-Fran{\c c}ois and Deleersnijder, Eric and Lambrechts, Jonathan},
	month = dec,
	year = {2010},
	pages = {1395--1414}
}

@article{de_brye_preliminary_2011,
	title = {Preliminary results of a finite-element, multi-scale model of the {Mahakam} {Delta} ({Indonesia})},
	volume = {61},
	issn = {1616-7341, 1616-7228},
	doi = {10.1007/s10236-011-0410-y},
	language = {en},
	number = {8},
	urldate = {2017-01-31},
	journal = {Ocean Dynamics},
	author = {{de Brye}, Benjamin and Schellen, S{\'e}bastien and Sassi, Maximiliano and Vermeulen, Bart and K{\"a}rn{\"a}, Tuomas and Deleersnijder, Eric and Hoitink, Ton},
	month = aug,
	year = {2011},
	pages = {1107--1120}
}

@article{karna_coupling_2012,
	title = {Coupling of a discontinuous {Galerkin} finite element marine model with a finite difference turbulence closure model},
	volume = {47},
	issn = {1463-5003},
	doi = {10.1016/j.ocemod.2012.01.001},
	urldate = {2017-01-31},
	journal = {Ocean Modelling},
	author = {K{\"a}rn{\"a}, Tuomas and Legat, Vincent and Deleersnijder, Eric and Burchard, Hans},
	year = {2012},
	keywords = {Coupling, Discontinuous Galerkin, Finite difference method, Finite element method, Turbulence closure},
	pages = {55--64}
}

@article{karna_baroclinic_2013,
	title = {A baroclinic discontinuous {Galerkin} finite element model for coastal flows},
	volume = {61},
	issn = {1463-5003},
	doi = {10.1016/j.ocemod.2012.09.009},
	urldate = {2017-01-31},
	journal = {Ocean Modelling},
	author = {K{\"a}rn{\"a}, Tuomas and Legat, Vincent and Deleersnijder, Eric},
	month = jan,
	year = {2013},
	keywords = {Baroclinic processes, Discontinuous Galerkin, Finite element method, Marine model, River plume},
	pages = {1--20}
}

@article{thomas_numerical_2014,
	title = {Numerical modelling and graph theory tools to study ecological connectivity in the {Great} {Barrier} {Reef}},
	volume = {272},
	issn = {0304-3800},
	doi = {10.1016/j.ecolmodel.2013.10.002},
	urldate = {2017-01-31},
	journal = {Ecological Modelling},
	author = {Thomas, Christopher J. and Lambrechts, Jonathan and Wolanski, Eric and Traag, Vincent A. and Blondel, Vincent D. and Deleersnijder, Eric and Hanert, Emmanuel},
	month = jan,
	year = {2014},
	keywords = {Community detection, Coral, Graph theory, Great Barrier Reef, Larval dispersal, Marine connectivity},
	pages = {160--174}
}

@article{haidvogel_model_2000,
	title = {Model evaluation experiments in the {North} {Atlantic} {Basin}: simulations in nonlinear terrain-following coordinates},
	volume = {32},
	issn = {0377-0265},
	shorttitle = {Model evaluation experiments in the {North} {Atlantic} {Basin}},
	doi = {10.1016/S0377-0265(00)00049-X},
	number = {3{\textendash}4},
	urldate = {2017-02-01},
	journal = {Dynamics of Atmospheres and Oceans},
	author = {Haidvogel, Dale B. and Arango, Hernan G. and Hedstrom, Kate and Beckmann, Aike and Malanotte-Rizzoli, Paola and Shchepetkin, Alexander F.},
	month = aug,
	year = {2000},
	keywords = {Nonlinear terrain-following coordinates, North Atlantic Basin, Ocean circulation},
	pages = {239--281}
}

@article{baptista_cross-scale_2005,
	series = {Recent {Developments} in {Physical} {Oceanographic} {Modelling}: {Part} {II}},
	title = {A cross-scale model for 3D baroclinic circulation in estuary{\textendash}plume{\textendash}shelf systems: {II}. {Application} to the {Columbia} {River}},
	volume = {25},
	issn = {0278-4343},
	shorttitle = {A cross-scale model for 3D baroclinic circulation in estuary{\textendash}plume{\textendash}shelf systems},
	doi = {10.1016/j.csr.2004.12.003},
	number = {7{\textendash}8},
	urldate = {2017-02-01},
	journal = {Continental Shelf Research},
	author = {Baptista, Ant{\'o}nio M. and Zhang, Yinglong and Chawla, Arun and Zulauf, Mike and Seaton, Charles and Myers, Edward P. and Kindle, John and Wilkin, Michael and Burla, Michela and Turner, Paul J.},
	month = may,
	year = {2005},
	keywords = {and estuarine circulation, coastal, Eulerian{\textendash}Lagrangian methods, Finite differences, Finite volumes, Mathematical modeling, Ocean, Semi-implicit methods},
	pages = {935--972}
}

@article{zhang_selfe:_2008,
	title = {{SELFE}: {A} semi-implicit {Eulerian}{\textendash}{Lagrangian} finite-element model for cross-scale ocean circulation},
	volume = {21},
	issn = {1463-5003},
	shorttitle = {{SELFE}},
	doi = {10.1016/j.ocemod.2007.11.005},
	number = {3{\textendash}4},
	urldate = {2017-02-01},
	journal = {Ocean Modelling},
	author = {Zhang, Yinglong and Baptista, Ant{\'o}nio M.},
	year = {2008},
	keywords = {Cross-scale ocean modeling, Estuaries, Eulerian{\textendash}Lagrangian methods, finite elements, Plumes, Semi-implicit time stepping},
	pages = {71--96}
}

@article{zhang_cross-scale_2004,
	series = {Recent {Developments} in {Physical} {Oceanographic} {Modelling}: {Part} {IRecent} {Developments} in {Physical} {Oceanographic} {Modelling}: {Part} {I}},
	title = {A cross-scale model for 3D baroclinic circulation in estuary{\textendash}plume{\textendash}shelf systems: {I}. {Formulation} and skill assessment},
	volume = {24},
	issn = {0278-4343},
	shorttitle = {A cross-scale model for 3D baroclinic circulation in estuary{\textendash}plume{\textendash}shelf systems},
	doi = {10.1016/j.csr.2004.07.021},
	number = {18},
	urldate = {2017-02-01},
	journal = {Continental Shelf Research},
	author = {Zhang, Yinglong and Baptista, Ant{\'o}nio M. and Myers, Edward P.},
	month = dec,
	year = {2004},
	keywords = {Eulerian lagrangian methods, Finite differences, Finite volumes, Mathematical modeling, Ocean, coastal and estuarine circulation, Semi-implicit methods},
	pages = {2187--2214}
}

@incollection{zhang_benchmarking_2004,
	series = {Computational {Methods} in {Water} {Resources}: {Volume} 2Proceedings of the {XVth} {International} {Conference} on {Computational} {Methods} in {Water} {Resources}},
	title = {Benchmarking a new open-source 3D circulation model ({ELCIRC})},
	volume = {55, Part 2},
	urldate = {2017-02-01},
	booktitle = {Developments in {Water} {Science}},
	publisher = {Elsevier},
	author = {Zhang, Yinglong and Baptista, Ant{\'o}nio M.},
	editor = {Pinder, Cass T. Miller {and} George F.},
	year = {2004},
	note = {DOI: 10.1016/S0167-5648(04)80185-0},
	pages = {1791--1800}
}

@article{geuzaine_gmsh:_2009,
	title = {Gmsh: {A} 3-{D} finite element mesh generator with built-in pre- and post-processing facilities},
	volume = {79},
	issn = {1097-0207},
	shorttitle = {Gmsh},
	doi = {10.1002/nme.2579},
	language = {en},
	number = {11},
	urldate = {2017-02-01},
	journal = {International Journal for Numerical Methods in Engineering},
	author = {Geuzaine, Christophe and Remacle, Jean-Fran{\c c}ois},
	month = sep,
	year = {2009},
	keywords = {computer-aided design, Finite element method, mesh generation, post-processing, open-source software},
	pages = {1309--1331}
}

@article{smith_variation_1975,
	title = {Variation of the sea surface drag coefficient with wind speed},
	volume = {101},
	issn = {1477-870X},
	doi = {10.1002/qj.49710142920},
	language = {en},
	number = {429},
	urldate = {2017-02-01},
	journal = {Quarterly Journal of the Royal Meteorological Society},
	author = {Smith, S. D. and Banke, E. G.},
	month = jul,
	year = {1975},
	pages = {665--673}
}

@article{egbert_efficient_2002,
	title = {Efficient inverse modeling of barotropic ocean tides},
	volume = {19},
	number = {2},
	urldate = {2017-02-01},
	journal = {Journal of Atmospheric and Oceanic Technology},
	author = {Egbert, Gary D. and Erofeeva, Svetlana Y.},
	year = {2002},
	pages = {183--204},
        doi={10.1175/1520-0426(2002)019<0183:EIMOBO>2.0.CO;2}
}

@article{chawla_seasonal_2008,
	title = {Seasonal {Variability} and {Estuary}{\textendash}{Shelf} {Interactions} in {Circulation} {Dynamics} of a {River}-dominated {Estuary}},
	volume = {31},
	issn = {1559-2723, 1559-2731},
	doi = {10.1007/s12237-007-9022-7},
	language = {en},
	number = {2},
	urldate = {2017-02-01},
	journal = {Estuaries and Coasts},
	author = {Chawla, Arun and Jay, David A. and Baptista, Ant{\'o}nio M. and Wilkin, Michael and Seaton, Charles},
	month = apr,
	year = {2008},
	pages = {269--288}
}

@article{van_simulations_2016,
	title = {Simulations of the flow in the {Mahakam} river{\textendash}lake{\textendash}delta system, {Indonesia}},
	volume = {16},
	issn = {1567-7419, 1573-1510},
	doi = {10.1007/s10652-016-9445-4},
	language = {en},
	number = {3},
	urldate = {2017-02-01},
	journal = {Environmental Fluid Mechanics},
	author = {Pham Van, Chien and de Brye, Benjamin and Deleersnijder, Eric and Hoitink, A. J. F. and Sassi, Maximiliano and Spinewine, Benoit and Hidayat, Hidayat and Soares-Fraz{\~a}o, Sandra},
	month = jun,
	year = {2016},
	pages = {603--633}
}

@article{karna_water_2016,
	title = {Water age in the {Columbia} {River} estuary},
	volume = {183, Part A},
	issn = {0272-7714},
	doi = {10.1016/j.ecss.2016.09.001},
	urldate = {2017-02-02},
	journal = {Estuarine, Coastal and Shelf Science},
	author = {K{\"a}rn{\"a}, Tuomas and Baptista, Ant{\'o}nio M.},
	month = dec,
	year = {2016},
	keywords = {Circulation model, Columbia river estuary, Residence time, Water age, Water renewal},
	pages = {249--259}
}

@article{geyer_estuarine_2014,
	title = {The {Estuarine} {Circulation}},
	volume = {46},
	doi = {10.1146/annurev-fluid-010313-141302},
	number = {1},
	urldate = {2017-02-02},
	journal = {Annual Review of Fluid Mechanics},
	author = {Geyer, W. Rockwell and MacCready, Parker},
	year = {2014},
	pages = {175--197}
}

@article{murphy_skill_1988,
	title = {Skill {Scores} {Based} on the {Mean} {Square} {Error} and {Their} {Relationships} to the {Correlation} {Coefficient}},
	volume = {116},
	issn = {0027-0644},
	number = {12},
	urldate = {2017-02-28},
	journal = {Monthly Weather Review},
	author = {Murphy, Allan H.},
	month = dec,
	year = {1988},
	pages = {2417--2424},
        doi = {10.1175/1520-0493(1988)116<2417:SSBOTM>2.0.CO;2}
}

@article{phillips_predator-prey_2017,
	title = {Predator-prey interactions influenced by a dynamic river plume},
	issn = {0706-652X},
	doi = {10.1139/cjfas-2016-0302},
	abstract = {Marine predator-prey interactions are often influenced by oceanographic processes that aggregate prey. We examined density distributions of seabirds and prey fish associated with the Columbia River plume to determine if variation in plume size (i.e., volume or surface area) or location influences predator-prey interactions. Common murre (Uria aalge), sooty shearwater (Ardenna grisea), and forage fish including northern anchovy (Engraulis mordax) and juvenile salmon (Oncorhynchus spp.) occurred disproportionately in plume waters relative to adjacent marine waters. Water clarity, an indicator of plume-influenced waters, was a significant predictor of seabird and prey densities throughout the survey area. Murres occurred within 20 km of the plume center of gravity (CG) whereas shearwaters occurred {\textasciitilde}100 km north of the plume CG, concurrent with highest densities of prey fish. Global indices of collocation were relatively low between murres and prey, compared to high values between shearwaters and prey. Seabir...},
	journal = {Canadian Journal of Fisheries and Aquatic Sciences},
	author = {Phillips, Elizabeth M. and Horne, John K. and Zamon, Jeannette E.},
	month = jan,
	year = {2017}
}

@article{hickey_river_2010,
	title = {River {Influences} on {Shelf} {Ecosystems}: {Introduction} and synthesis},
	volume = {115},
	issn = {2156-2202},
	shorttitle = {River {Influences} on {Shelf} {Ecosystems}},
	doi = {10.1029/2009JC005452},
	language = {en},
	number = {C2},
	urldate = {2017-04-03},
	journal = {Journal of Geophysical Research: Oceans},
	author = {Hickey, B. M. and Kudela, R. M. and Nash, J. D. and Bruland, K. W. and Peterson, W. T. and MacCready, P. and Lessard, E. J. and Jay, D. A. and Banas, N. S. and Baptista, A. M. and Dever, E. P. and Kosro, P. M. and Kilcher, L. K. and Horner-Devine, A. R. and Zaron, E. D. and McCabe, R. M. and Peterson, J. O. and Orton, P. M. and Pan, J. and Lohan, M. C.},
	month = feb,
	year = {2010},
	keywords = {4217 Coastal processes, 4219 Continental shelf and slope processes, 4223 Descriptive and regional oceanography, 4815 Ecosystems, structure, dynamics, and modeling, 4855 Phytoplankton, Columbia River plume, freshwater plume, RISE},
	pages = {C00B17}
}

@article{garcia_berdeal_influence_2002,
	title = {Influence of wind stress and ambient flow on a high discharge river plume},
	volume = {107},
	issn = {2156-2202},
	doi = {10.1029/2001JC000932},
	language = {en},
	number = {C9},
	urldate = {2017-04-06},
	journal = {Journal of Geophysical Research: Oceans},
	author = {Garcia Berdeal, I. and Hickey, B. M. and Kawase, M.},
	month = sep,
	year = {2002},
	keywords = {4219 Continental shelf and slope processes, 4235 Estuarine processes, 4255 Numerical modeling, California Current, coastal buoyant discharges, Columbia River, numerical modeling, river plumes, Washington coast},
	pages = {3130}
}

@article{chassignet_hycom_2007,
	series = {Marine {Environmental} {Monitoring} and {PredictionSelected} papers from the 36th {International} {Liège} {Colloquium} on {Ocean} {Dynamics}36th {International} {Liège} {Colloquium} on {Ocean} {Dynamics}},
	title = {The {HYCOM} ({HYbrid} {Coordinate} {Ocean} {Model}) data assimilative system},
	volume = {65},
	issn = {0924-7963},
	doi = {10.1016/j.jmarsys.2005.09.016},
	number = {1–4},
	urldate = {2017-05-23},
	journal = {Journal of Marine Systems},
	author = {Chassignet, Eric P. and Hurlburt, Harley E. and Smedstad, Ole Martin and Halliwell, George R. and Hogan, Patrick J. and Wallcraft, Alan J. and Baraille, Remy and Bleck, Rainer},
	month = mar,
	year = {2007},
	keywords = {Boundary conditions, Data assimilation, GODAE, HYCOM, Ocean modeling, Ocean prediction},
	pages = {60--83}
}

@article{hickey_three_2009,
	title = {Three interacting freshwater plumes in the northern {California} {Current} {System}},
	volume = {114},
	issn = {2156-2202},
	doi = {10.1029/2008JC004907},
	language = {en},
	number = {C2},
	urldate = {2017-05-23},
	journal = {Journal of Geophysical Research: Oceans},
	author = {Hickey, B. and McCabe, R. and Geier, S. and Dever, E. and Kachel, N.},
	month = feb,
	year = {2009},
	keywords = {4217 Coastal processes, 4219 Continental shelf and slope processes, 4223 Descriptive and regional oceanography, 4516 Eastern boundary currents, 4520 Eddies and mesoscale processes, Columbia River, Juan de Fuca, river plumes},
	pages = {C00B03}
}

@article{fiedler_variability_1990,
	title = {Variability of the {Columbia} {River} plume observed in visible and infrared satellite imagery},
	volume = {11},
	issn = {0143-1161},
	doi = {10.1080/01431169008955072},
	number = {6},
	urldate = {2017-05-26},
	journal = {International Journal of Remote Sensing},
	author = {Fiedler, Paul C. and Laurs, R. Michael},
	month = jun,
	year = {1990},
	pages = {999--1010}
}

@article{hickey_bi-directional_2005,
	title = {A bi-directional river plume: {The} {Columbia} in summer},
	volume = {25},
	issn = {02784343},
	shorttitle = {A bi-directional river plume},
	doi = {10.1016/j.csr.2005.04.010},
	language = {en},
	number = {14},
	urldate = {2017-05-26},
	journal = {Continental Shelf Research},
	author = {Hickey, B. and Geier, S. and Kachel, N. and MacFadyen, A.},
	month = sep,
	year = {2005},
	pages = {1631--1656}
}

@article{hickey_columbia_1998,
	title = {The {Columbia} {River} {Plume} {Study}: {Subtidal} variability in the velocity and salinity fields},
	volume = {103},
	issn = {2156-2202},
	shorttitle = {The {Columbia} {River} {Plume} {Study}},
	doi = {10.1029/97JC03290},
	language = {en},
	number = {C5},
	urldate = {2017-05-26},
	journal = {Journal of Geophysical Research: Oceans},
	author = {Hickey, B. M. and Pietrafesa, L. J. and Jay, D. A. and Boicourt, W. C.},
	month = may,
	year = {1998},
	keywords = {4219 Continental shelf and slope processes},
	pages = {10339--10368}
}

@article{de_boer_using_2008,
	title = {Using the potential energy anomaly equation to investigate tidal straining and advection of stratification in a region of freshwater influence},
	volume = {22},
	issn = {14635003},
	doi = {10.1016/j.ocemod.2007.12.003},
	language = {en},
	number = {1-2},
	urldate = {2017-07-04},
	journal = {Ocean Modelling},
	author = {de Boer, Gerben J. and Pietrzak, Julie D. and Winterwerp, Johan C.},
	month = jan,
	year = {2008},
	pages = {1--11}
}

@article{jackett_algorithms_2006,
	title = {Algorithms for {Density}, {Potential} {Temperature}, {Conservative} {Temperature}, and the {Freezing} {Temperature} of {Seawater}},
	volume = {23},
	issn = {0739-0572},
	doi = {10.1175/JTECH1946.1},
	number = {12},
	journal = {Journal of Atmospheric and Oceanic Technology},
	author = {Jackett, David R. and McDougall, Trevor J. and Feistel, Rainer and Wright, Daniel G. and Griffies, Stephen M.},
	month = dec,
	year = {2006},
	pages = {1709--1728}
}

@article{higdon_barotropic-baroclinic_1997,
	title = {Barotropic-{Baroclinic} {Time} {Splitting} for {Ocean} {Circulation} {Modeling}},
	volume = {135},
	issn = {0021-9991},
	doi = {10.1006/jcph.1997.5733},
	number = {1},
	journal = {Journal of Computational Physics},
	author = {Higdon, Robert L. and de Szoeke, Roland A.},
	month = jul,
	year = {1997},
	pages = {30--53}
}

@article{smagorinsky1963general,
	title={General circulation experiments with the primitive equations: I. The basic experiment},
	author={Smagorinsky, Joseph},
	journal={Monthly weather review},
	volume={91},
	number={3},
	pages={99--164},
	year={1963},
        doi={10.1175/1520-0493(1963)091<0099:GCEWTP>2.3.CO;2}
}

@article{canuto_ocean_2001,
	title = {Ocean {Turbulence}. {Part} {I}: {One}-{Point} {Closure} {Model}--{Momentum} and {Heat} {Vertical} {Diffusivities}},
	volume = {31},
	issn = {0022-3670},
	shorttitle = {Ocean {Turbulence}. {Part} {I}},
	doi = {10.1175/1520-0485(2001)031<1413:OTPIOP>2.0.CO;2},
	number = {6},
	urldate = {2017-10-06},
	journal = {Journal of Physical Oceanography},
	author = {Canuto, V. M. and Howard, A. and Cheng, Y. and Dubovikov, M. S.},
	month = jun,
	year = {2001},
	pages = {1413--1426}
}

@article{haney_pressure_1991,
	title = {On the {Pressure} {Gradient} {Force} over {Steep} {Topography} in {Sigma} {Coordinate} {Ocean} {Models}},
	volume = {21},
	issn = {0022-3670},
	doi = {10.1175/1520-0485(1991)021<0610:OTPGFO>2.0.CO;2},
	number = {4},
	urldate = {2017-10-06},
	journal = {Journal of Physical Oceanography},
	author = {Haney, Robert L.},
	month = apr,
	year = {1991},
	pages = {610--619}
}

@article{taylor_summarizing_2001,
	title = {Summarizing multiple aspects of model performance in a single diagram},
	volume = {106},
	issn = {2156-2202},
	doi = {10.1029/2000JD900719},
	language = {en},
	number = {D7},
	urldate = {2017-10-16},
	journal = {Journal of Geophysical Research: Atmospheres},
	author = {Taylor, Karl E.},
	month = apr,
	year = {2001},
	keywords = {3367 Meteorology and Atmospheric Dynamics: Theoretical modeling, 3394 Meteorology and Atmospheric Dynamics: Instruments and techniques, 9820 Techniques applicable in three or more fields},
	pages = {7183--7192}
}

@article{davis_estuary-enhanced_2014,
	title = {Estuary-enhanced upwelling of marine nutrients fuels coastal productivity in the {U}.{S}. {Pacific} {Northwest}},
	volume = {119},
	issn = {2169-9291},
	doi = {10.1002/2014JC010248},
	language = {en},
	number = {12},
	urldate = {2017-10-27},
	journal = {Journal of Geophysical Research: Oceans},
	author = {Davis, Kristen A. and Banas, Neil S. and Giddings, Sarah N. and Siedlecki, Samantha A. and MacCready, Parker and Lessard, Evelyn J. and Kudela, Raphael M. and Hickey, Barbara M.},
	month = dec,
	year = {2014},
	keywords = {Columbia River, 4217 Coastal processes, 4235 Estuarine processes, 4815 Ecosystems, structure, dynamics, and modeling, estuarine circulation, nitrogen, Pacific Northwest, primary productivity, Strait of Juan de Fuca},
	pages = {8778--8799}
}

@article{giddings_hindcasts_2014,
	title = {Hindcasts of potential harmful algal bloom transport pathways on the {Pacific} {Northwest} coast},
	volume = {119},
	issn = {2169-9291},
	doi = {10.1002/2013JC009622},
	language = {en},
	number = {4},
	urldate = {2017-10-27},
	journal = {Journal of Geophysical Research: Oceans},
	author = {Giddings, S. N. and MacCready, P. and Hickey, B. M. and Banas, N. S. and Davis, K. A. and Siedlecki, S. A. and Trainer, V. L. and Kudela, R. M. and Pelland, N. A. and Connolly, T. P.},
	month = apr,
	year = {2014},
	keywords = {4217 Coastal processes, 4273 Physical and biogeochemical interactions, 4534 Hydrodynamic modeling, 4805 Biogeochemical cycles, processes, and modeling, 4855 Phytoplankton, algal bloom, harmful algae, numerical simulations, Pacific Northwest, particle tracking, transport},
	pages = {2439--2461}
}

@article{cole_effects_2016,
	title = {The {Effects} of {Rotation} and {River} {Discharge} on {Net} {Mixing} in {Small}-{Mouth} {Kelvin} {Number} {Plumes}},
	volume = {46},
	issn = {0022-3670},
	doi = {10.1175/JPO-D-13-0271.1},
	abstract = {Small-mouth Kelvin number plumes, or plumes with a source width smaller than the deformation radius, are characterized by near-field plume regions of rapid lateral expansion and strong vertical mixing. Net plume mixing, or the dilution of a plume by ocean water between the estuary mouth and the far-field plume, is examined using idealized numerical experiments with the Regional Ocean Modeling System (ROMS). The density anomaly of plume water entering the far field is determined from isohaline analysis of the modeled salinity field. The experiments indicate that when estuarine discharge increases, net plume mixing decreases in a rotating environment but increases in a nonrotating environment. Scaling analysis supports that this opposite trend in behavior is related to rotation turning the plume, limiting the lateral expansion and suppressing shear mixing. The results of this study explain different trends in net plume mixing reported in previous studies and compare favorably to observations of the Fraser River plume.},
	number = {5},
	journal = {Journal of Physical Oceanography},
	author = {Cole, Kelly L. and Hetland, Robert D.},
	month = oct,
	year = {2016},
	pages = {1421--1436}
}

@article{ringler_multi-resolution_2013,
	title = {A multi-resolution approach to global ocean modeling},
	volume = {69},
	issn = {14635003},
	doi = {10.1016/j.ocemod.2013.04.010},
	language = {en},
	journal = {Ocean Modelling},
	author = {Ringler, Todd and Petersen, Mark and Higdon, Robert L. and Jacobsen, Doug and Jones, Philip W. and Maltrud, Mathew},
	month = sep,
	year = {2013},
	pages = {211--232}
}

@article{eisma1978,
  author  = {Eisma, D. and {van Bennekom}, {\relax A.J}.},
  title   = {{The Zaire River and estuary and the Zaire outflow in the Atlantic Ocean}},
  journal = {Netherlands Journal of Sea Research},
  pages   = {255--272},
  volume  = 12,
  number  = {3/4},
  year    = 1978,
  doi = {10.1016/0077-7579(78)90030-3}
}

@online{marshallcrossland2006,
  editor  = {{Baltic Nest Institute}},
  title   = {{Congo (Zaire) River Estuary, Democratic Republic of the Congo}},
  year    = 2006,
  url     = {http://nest.su.se/mnode/africa/congo/congobud.htm},
  author  = {Marshall Crossland, J.I. and Crossland, C.J. and Swaney, D. P.},
  address = {Stockholm, Sweden}
}

@article{denamiel2013,
  author  = {Denamiel, C. and Budgell, {\relax W.P}. and Toumi, R.},
  title   = {{The Congo River plume: Impact of the forcing on the far-field and near-field dynamics}},
  journal = {Journal of Geophysical Research: Oceans},
  pages   = {964--989},
  volume  = 118,
  year    = 2013,
  doi     = {10.1002/jgrc.20062}
}

@unpublished{mongolu-bongu,
  author = {Mongolu Bongu, M.},
  title  = {Parc marin des mangroves},
  note   = {Mod\`ele pour la soumission d'informations scientifiques pour
            l'identification des aires marines d'importance biologique ou
            \'ecologique, Comit\'e scientifique pour la recherche, le
            d\'eveloppement et la conservation de la biodiversit\'e de
            l'universit\'e de Kinshasa (CSB)}
}

@article{vanbennekom1984,
  author  = {{van Bennekom}, A.J. and Berger, G.W.},
  title   = {{Hydrography and silica budget of the Angola basin}},
  journal = {Netherlands Journal of Sea Research},
  pages   = {149--200},
  volume  = 17,
  number  = {2--4},
  year    = 1984
}

@article{savoye2009,
  author  = {Savoye, B. and Babonneau, N. and Dennielou, B. and Bez, M.},
  title   = {{Geological overview of the Angola-Congo margin, the Congo
              deep-sea fan and its submarine valleys}},
  journal = {Deep-Sea Research II},
  pages   = {2169--2182},
  volume  = 56,
  year    = 2009,
  doi     = {10.1016/j.dsr2.2009.04.001}
}

@article{vangriesheim2009,
  author  = {Vangriesheim, A. and Pierre, C. and Aminot, A. and Metzl, N.
             and Baurand, F. and Caprais, J.-C.},
  title   = {{The influence of Congo river discharges in the surface and deep
              layers of the Gulf of Guinea}},
  journal = {Deep-Sea Research Part II: Tropical Studies in Oceanography},
  pages   = {2183--2196},
  volume  = 56,
  year    = 2009
}

@inproceedings{berger1998,
  author    = {Berger, {\relax W.H}. and Wefer, G. and Richter, C. and Lange, {\relax C.B}. and Giraudeau, J. and Hermelin, O. and Shipboard Scientific Party},
  title     = {{The Angola-Benguela upwelling system: Paleoceanographic synthesis of shipboard results from leg 175}},
  booktitle = {{Proceedings of the Ocean Drilling Program}},
  year      = 1998,
  volume    = 175,
  series    = {Initial reports},
  pages     = {505--531}
}

@article{hopkins2013,
  author  = {Hopkins, J. and Lucas, M. and Dufau, C. and Sutton, M. and Stum, J. and Lauret, O. and Channelliere, C.},
  title   = {{Detection and variability of the Congo River plume from satellite derived sea surface temperature, salinity, ocean colour and sea level}},
  journal = {Remote Sensing of Environment},
  pages   = {365--385},
  volume  = 139,
  year    = 2013,
  doi     = {10.1016/j.rse.2013.08.015}
}

@article{stramma1999,
  author  = {Stramma, L. and England, {\relax M.H}.},
  title   = {{On the water masses and mean circulation of the south Atlantic Ocean}},
  journal = {Journal of Geophysical Research -- Oceans},
  pages   = {20863--20883},
  volume  = 104,
  year    = 1999
}

@article{signorini1999,
  author  = {Signorini, {\relax S.R}. and Murtugudde, {\relax R.G}. and McClain, {\relax C.R}. and Christian, {\relax J.R}. and Picaut, J. and Busalacchi, {\relax A.J}.},
  title   = {{Biological and physical signatures in the tropical and subtropical Atlantic}},
  journal = {Journal of Geophysical Research},
  pages   = {18367--18382},
  volume  = 104,
  number  = {C8},
  year    = 1999
}

@article{heezen1964,
  author  = {Heezen, {\relax B.C}. and Menzies, {\relax R.J}. and Schneider, {\relax E.D}. and Ewing, {\relax W.M}. and Granelli, {\relax N.C.C}.},
  title   = {{Congo submarine canyon}},
  journal = {Bulletin of the American Association of Petroleum Geologists},
  pages   = {1126--1149},
  volume  = 48,
  number  = 7,
  year    = 1964
}

@article{burke1972,
  author  = {Burke, K.},
  title   = {{Longshore drift, submarine canyons and submarine fans in development of Niger delta}},
  journal = {Bulletin of the American Association of Petroleum Geologists},
  pages   = {1975--1983},
  volume  = 56,
  number  = 10,
  year    = 1972
}

@book{gill1982,
  author    = {Gill, {\relax A.E}.},
  title     = {{Atmosphere-Ocean Dynamics}},
  publisher = {Academic Press, Inc.},
  year      = 1982,
  volume    = 30,
  series    = {International Geophysics Series},
  address   = {111 Fifth avenue, New York, New York 10003, United States of America}
}

@article{deleersnijder2001,
  author  = {Deleersnijder, E. and Campin, J.M. and Delhez, {\relax E.J.M}.},
  title   = {{The concept of age in marine modelling: I. Theory and preliminary model results}},
  journal = {Journal of Marine Systems},
  pages   = {229--267},
  volume  = 28,
  number  = {3--4},
  year    = 2001,
  doi = {10.1016/S0924-7963(01)00026-4}
}

@inproceedings{carrere2012,
  author    = {Carr\`ere, L. and Lyard, F. and Cancet, M. and Guillot, A. and Roblou, L.},
  title     = {{FES2012: A New Global tidal model taking advantage of nearly  20 years of altimetry}},
  booktitle = {{Proceedings of Meeting ``20 years of altimetry''}},
  year      = 2012,
  month     = sep,
  address   = {Venice},
  publisher = {ESA publication}
}

@article{lyard2006,
  author  = {Lyard, F. and Lef\`evre, F. and Letellier, T. and Francis, O.},
  title   = {{Modelling the global ocean tides: modern insights from FES2004}},
  journal = {Ocean Dynamics},
  pages   = {394--415},
  volume  = 56,
  year    = 2006,
  doi     = {10.1007/s10236-006-0086-x}
}

@article{peters1973b,
  author  = {Peters, {\relax J.J}. and Sterling, A.},
  title   = {{\'Etude de l'am\'elioration du bief maritime du fleuve Za\"ire}},
  journal = {Laboratoire de recherches hydrauliques, Borgerhout, Anvers. Mateba},
  pages   = {1--19},
  volume  = 10,
  year    = 1973
}

@article{meulenbergh1968,
  author  = {Meulenbergh, J.},
  title   = {{Diffusion des eaux du fleuve Congo dans les eaux de l'Atlantique sud}},
  journal = {Acad. Roy. Sc. d'outre-mer, Cl. Sci. Tech. (N.S.)},
  pages   = {1--149},
  volume  = 16,
  number  = 6,
  year    = 1968
}

@article{meulenbergh1974,
  author  = {Meulenbergh, J.},
  title   = {{La mangrove za\"iroise}},
  journal = {Acad. Roy. Sc. d'outre-mer, Cl. Sci. Tech. (N.S.)},
  pages   = {1--86},
  volume  = 17,
  number  = 8,
  year    = 1974
}

@techreport{crosato2004,
  author      = {Crosato, A. and Mastbergen, D.R. and {van Kesteren}, W.},
  title       = {{Desktop Study of Congo Canyon Sediment Sources}},
  institution = {WL | Delft Hydraulics},
  year        = 2004
}

@article{eisma1984,
  author  = {Eisma, D. and Kalf, J.},
  title   = {{Dispersal of Zaire river suspended matter in the estuary and Angola basin}},
  journal = {Netherlands Journal of Sea Research},
  pages   = {385--411},
  volume  = 17,
  number  = {2--4},
  year    = 1984,
  doi = {10.1016/0077-7579(84)90057-7}
}

@article{eismaKalf1978,
  author  = {Eisma, D. and Kalf, J. and {van der Gaast}, {\relax S.J}.},
  title   = {{Suspended matter in the Zaire estuary and the adjacent Atlantic}},
  journal = {Netherlands Journal of Sea Research},
  pages   = {382--406},
  volume  = 12,
  number  = {3/4},
  year    = 1978
}

@article{lambrechts2008,
  author  = {Lambrechts, J. and Comblen, R. and Legat, V.  and Geuzaine, C. and Remacle, J.-F.},
  title   = {{Multiscale mesh generation on the sphere}},
  journal = {Ocean Dynamics},
  pages   = {461--473},
  volume  = 58,
  number  = 5,
  year    = 2008,
  doi     = {10.1007/s10236-008-0148-3}
}

@article{cockburn2001,
  author  = {Cockburn, B. and Shu, C.-W.},
  title   = {{Runge-Kutta discontinuous Galerkin methods for
              convection-dominated problems}},
  journal = {Journal of Scientific Computing},
  pages   = {173--261},
  volume  = 16,
  year    = 2001
}

@article{flaherty2002,
  author  = {Flaherty, J.E. and Krivodonova, L. and Remacle, J.-F. and Shephard, M.S.},
  title   = {{Aspects of discontinuous Galerkin methods for hyperbolic
              conservation laws}},
  journal = {Finite Elements in Analysis and Design},
  pages   = {889--908},
  volume  = 38,
  year    = 2002
}

@article{debrauwere2011,
  author  = {{de Brauwere}, A. and {de Brye}, B. and Blaise, S. and Deleersnijder, E.},
  title   = {{Residence time, exposure time and connectivity in the Scheldt
              Estuary}},
  journal = {Journal of Marine Systems},
  pages   = {85--95},
  volume  = 84,
  year    = 2011,
  doi = {10.1016/j.jmarsys.2010.10.001}
}

@article{debrye2012,
  author  = {{de Brye}, B. and {de Brauwere}, A. and Gourgue, O.
             and Delhez, E.J.M. and Deleersnijder, E.},
  title   = {{Water renewal timescales in the Scheldt Estuary}},
  journal = {Journal of Marine Systems},
  pages   = {74--86},
  volume  = 94,
  year    = 2012,
  doi = {10.1016/j.jmarsys.2011.10.013}
}

@article{lebars2010,
  author  = {Le Bars, Y. and Lyard, F. and Jeandel, C. and Dardengo, L.},
  title   = {{The AMANDES tidal model for the Amazon estuary and shelf}},
  journal = {Ocean Modelling},
  pages   = {132--149},
  volume  = 31,
  year    = 2010,
  doi     = {10.1016/j.ocemod.2009.11.001}
}

@article{monahan2008,
  author  = {Monahan, D.},
  title   = {{Mapping the floor of the entire world ocean: the general
              bathymetric chart of the oceans}},
  journal = {Journal of Ocean Technology},
  pages   = 108,
  volume  = 3,
  number  = 1,
  year    = 2008
}

@article{wessel1996,
  author  = {Wessel, P. and Smith, {\relax W. H. F}.},
  title   = {{A Global Self-consistent, Hierarchical, High-resolution
              Shoreline Database}},
  journal = {Journal of Geophys. Res.},
  pages   = {8741--8743},
  volume  = 101,
  number  = {B4},
  year    = 1996,
  doi     = {10.1029/96JB00104}
}

@article{flather1976,
  author  = {Flather, {\relax R.A}.},
  title   = {{A tidal model of the north-west European continental shelf}},
  journal = {M\'emoires de la Soci\'et\'e royale des sciences de Li\`ege},
  pages   = {141--164},
  volume  = 6,
  number  = 10,
  year    = 1976
}

@article{martinsen1987,
  author  = {Martinsen, {\relax E.A}. and Engedahl, H.},
  title   = {{Implementation and Testing of a Lateral Boundary Scheme as an
              Open Boundary Condition in a Barotropic Ocean Model}},
  journal = {Coastal Engineering},
  pages   = {603--627},
  volume  = 11,
  year    = 1987,
  doi     = {10.1016/0378-3839(87)90028-7}
}

@article{okubo1971,
  author  = {Okubo, A.},
  title   = {{Oceanic diffusion diagrams}},
  journal = {Deep-sea Research},
  pages   = {789--802},
  volume  = 18,
  year    = 1971,
  doi     = {10.1016/0011-7471(71)90046-5}
}

@article{king1996,
  author  = {King, B.A. and Wolanski, E.},
  title   = {{Tidal current variability in the central Great Barrier Reef}},
  journal = {Journal of Marine Systems},
  pages   = {187--202},
  volume  = 9,
  year    = 1996
}

@article{giosan2014,
  author  = {Giosan, L. and Syvitski, J. and Constantinescu, S. and Day, J.},
  title   = {{Climate change: Protect the world's deltas}},
  journal = {Nature Geoscience},
  pages   = {31--33},
  volume  = 516,
  year    = 2014,
  month   = dec
}

@book{graf1993,
  author    = {Graf, {\relax W.H}. and Altinakar, {\relax M.S}.},
  title     = {{Hydraulique fluviale, tome 1~: \'Ecoulement permanent uniforme et
             non uniforme}},
  publisher = {Presses polytechniques et universitaires romandes},
  year      = 1993,
  volume    = 16,
  series    = {Trait\'e de g\'enie civil de l'\'Ecole polytechnique f\'ed\'erale de
               Lausanne},
  address   = {CH-1015 Lausanne},
  edition   = 1
}

@book{graf1996,
  author    = {Graf, {\relax W.H}. and Altinakar, {\relax M.S}.},
  title     = {{Hydraulique fluviale, tome 2~: \'Ecoulement non permanent et
                ph\'enom\`enes de transport}},
  publisher = {Presses polytechniques et universitaires romandes},
  year      = 1996,
  volume    = 16,
  series    = {Trait\'e de g\'enie civil de l'\'Ecole polytechnique f\'ed\'erale de
               Lausanne},
  address   = {CH-1015 Lausanne},
  edition   = 1
}

@book{jansen1979,
  author    = {Jansen, {\relax P.P}.},
  title     = {{Principles of River Engineering: The Non-tidal Alluvial River}},
  publisher = {Addison-Wesley Educational Publishers Inc},
  year      = 1979
}

@incollection{hervouet1996,
  author    = {Hervouet, {\relax J.-M}. and Van Haren, L.},
  title     = {{Recent advances in numerical methods for fluid flow}},
  booktitle = {{Floodplain Processes}},
  publisher = {John Wiley and Sons},
  year      = 1996,
  editor    = {Anderson, M.G. and Walling, D.E. and Bates, P.D.},
  pages     = 183,
  address   = {Chichester}
}

@article{spagnol2002,
author={Spagnol, S. and Wolanski, E. and Deleersnijder, E. and Brinkman, R. and McAllister, F. and Cushman-Roisin, B. and Hanert, E.},
title={An error frequently made in the evaluation of advective transport in two-dimensional Lagrangian models of advection-diffusion in coral reef waters},
journal={Marine Ecology Progress Series},
year={2002},
volume={235},
pages={299-302},
doi={10.3354/meps235299}
}

@book{vanden1990,
  title={Source Book for the Inland Fishery Resources of Africa},
  author={{Vanden Bossche}, {\relax J.P}. and Bernacsek, {\relax G.M}.},
  number={vol.~1},
  isbn={9789251029831},
  lccn={91174311},
  series={CIFA technical paper},
  year={1990},
  publisher={Food and Agriculture Organization of the United Nations}
}

@article{grubisic95,
  title={The effect of bottom friction on shallow-water flow past an isolated obstacle},
  author={Grubi{\v{s}}ic, Vanda and Smith, Ronald B and Sch{\"a}r, Christoph},
  journal={Journal of the Atmospheric Sciences},
  volume={52},
  number={11},
  pages={1985--2005},
  year={1995},
  doi={10.1175/1520-0469(1995)052<1985:TEOBFO>2.0.CO;2}
}

@article{delandmeter_fully_2018,
	title = {A fully consistent and conservative vertically adaptive coordinate system for {SLIM} 3D v0.4 with an application to the thermocline oscillations of {Lake} {Tanganyika}},
	volume = {11},
	issn = {1991-9603},
	doi = {10.5194/gmd-11-1161-2018},
	number = {3},
	journal = {Geosci. Model Dev.},
	author = {Delandmeter, P. and Lambrechts, J. and Legat, V. and Vallaeys, V. and Naithani, J. and Thiery, W. and Remacle, J.-F. and Deleersnijder, E.},
	month = mar,
	year = {2018},
	pages = {1161--1179},
	file = {Geosci. Model Dev. PDF:/home/vallaeys/Zotero/storage/G5PNTWUS/Delandmeter et al. - 2018 - A fully consistent and conservative vertically ada.pdf:application/pdf}
}

@article{shchepetkin_regional_2005,
	title = {The regional oceanic modeling system ({ROMS}): a split-explicit, free-surface, topography-following-coordinate oceanic model},
	volume = {9},
	issn = {14635003},
	shorttitle = {The regional oceanic modeling system ({ROMS})},
	doi = {10.1016/j.ocemod.2004.08.002},
	language = {en},
	number = {4},
	journal = {Ocean Modelling},
	author = {Shchepetkin, Alexander F. and McWilliams, James C.},
	month = jan,
	year = {2005},
	pages = {347--404},
	file = {Shchepetkin et McWilliams - 2005 - The regional oceanic modeling system (ROMS) a spl.pdf:/home/vallaeys/Zotero/storage/SACNUUZV/Shchepetkin et McWilliams - 2005 - The regional oceanic modeling system (ROMS) a spl.pdf:application/pdf}
}

@article{higdon_two-level_2005,
	title = {A two-level time-stepping method for layered ocean circulation models: further development and testing},
	volume = {206},
	issn = {00219991},
	shorttitle = {A two-level time-stepping method for layered ocean circulation models},
	doi = {10.1016/j.jcp.2004.12.011},
	language = {en},
	number = {2},
	journal = {Journal of Computational Physics},
	author = {Higdon, Robert L.},
	month = jul,
	year = {2005},
	pages = {463--504},
	file = {higdon_OM_2005.pdf:/home/vallaeys/Zotero/storage/79IDIMQA/higdon_OM_2005.pdf:application/pdf}
}


@article{higdon_comparison_2008,
	title = {A comparison of two formulations of barotropic–baroclinic splitting for layered models of ocean circulation},
	volume = {24},
	issn = {14635003},
	doi = {10.1016/j.ocemod.2008.05.006},
	language = {en},
	number = {1-2},
	journal = {Ocean Modelling},
	author = {Higdon, Robert L.},
	month = jan,
	year = {2008},
	pages = {29--45},
	file = {Higdon_OM_2008.pdf:/home/vallaeys/Zotero/storage/SKGBKA9V/Higdon_OM_2008.pdf:application/pdf}
}

@article{vallaeys_discontinuous_2018,
	title = {Discontinuous {Galerkin} modeling of the {Columbia} {River}’s coupled estuary-plume dynamics},
	volume={124},
	year = {2018},
	pages = {111--124},
	issn = {1463-5003},
	doi = {10.1016/j.ocemod.2018.02.004},
	journal = {Ocean Modelling},
	author = {Vallaeys, Valentin and Kärnä, Tuomas and Delandmeter, Philippe and Lambrechts, Jonathan and Baptista, António M. and Deleersnijder, Eric and Hanert, Emmanuel},
	keywords = {Columbia River estuary, multi-scale model, plume dynamics, river-to-ocean continuum, Unstructured mesh}
}

@article{l_west_2017,
	title = {West {African} {Manatee} {Trichechus} senegalensis ({LINK}, 1795) in the {Estuary} of the {Congo} {River} ({Democratic} {Republic} of the {Congo}): {Review} and {Update}},
	volume = {5},
	copyright = {2017 The Author(s).},
	issn = {2332-2543},
	shorttitle = {West {African} {Manatee} {Trichechus} senegalensis ({LINK}, 1795) in the {Estuary} of the {Congo} {River} ({Democratic} {Republic} of the {Congo})},
	doi = {10.4172/2332-2543.1000181},
	language = {En},
	number = {1},
	urldate = {2018-04-10},
	journal = {Journal of Biodiversity \& Endangered Species},
	author = {Laudisoit, Anne and Collet, Marcel and Muyaya, Bruno and Mauwa, Carine and Ntadi, Steve and Wendelen, Wim and Guiet, Aurore and Helsen, Philippe and Baudouin, M and Leirs, Herwig and Vanhoutte, Natalie and Micha, JC and Verheyen, Erik},
	month = feb,
	year = {2017},
	pages = {1--11}
}

@incollection{geyer_dynamics_2011,
	title = {The {Dynamics} of {Strongly} {Stratified} {Estuaries}},
	isbn = {978-0-08-087885-0},
	language = {en},
	urldate = {2018-04-10},
	booktitle = {Treatise on {Estuarine} and {Coastal} {Science}},
	publisher = {Elsevier},
	author = {Geyer, W.R. and Ralston, D.K.},
	year = {2011},
	doi = {10.1016/B978-0-12-374711-2.00206-0},
	pages = {37--51}
}


@article{palma_idealized_2017,
	title = {An idealized study of near equatorial river plumes},
	volume = {122},
	issn = {2169-9291},
	doi = {10.1002/2016JC012554},
	language = {en},
	number = {5},
	urldate = {2018-03-20},
	journal = {Journal of Geophysical Research: Oceans},
	author = {Palma, Elbio D. and Matano, Ricardo P.},
	month = may,
	year = {2017},
	pages = {3599--3620}
}

@article{white_river_2014,
	title = {River flow and ocean temperatures: {The} {Congo} {River}},
	volume = {119},
	issn = {2169-9291},
	shorttitle = {River flow and ocean temperatures},
	doi = {10.1002/2014JC009836},
	language = {en},
	number = {4},
	urldate = {2018-02-12},
	journal = {Journal of Geophysical Research: Oceans},
	author = {White, R. H. and Toumi, R.},
	month = apr,
	year = {2014},
	keywords = {4217 Coastal processes, 4255 Numerical modeling, 4504 Air/sea interactions, 1860 Streamflow, 4572 Upper ocean and mixed layer processes, Atlantic Ocean, barrier layer, Congo River, mixed layer, ROMS, sea surface temperatures},
	pages = {2501--2517}
}

@article{chao_sea_2015,
	title = {Sea surface salinity variability in response to the {Congo} river discharge},
	volume = {99},
	issn = {0278-4343},
	doi = {10.1016/j.csr.2015.03.005},
	urldate = {2018-02-12},
	journal = {Continental Shelf Research},
	author = {Chao, Yi and Farrara, John D. and Schumann, Guy and Andreadis, Konstantinos M. and Moller, Delwyn},
	month = may,
	year = {2015},
	keywords = {Freshwater budget, Hydrological forcing, River discharge, Sea surface salinity variability},
	pages = {35--45}
}


@article{phillipson_impact_2017,
	title = {Impact of data assimilation on ocean current forecasts in the {Angola} {Basin}},
	volume = {114},
	issn = {14635003},
	doi = {10.1016/j.ocemod.2017.04.006},
	language = {en},
	urldate = {2017-07-25},
	journal = {Ocean Modelling},
	author = {Phillipson, Luke and Toumi, Ralf},
	month = jun,
	year = {2017},
	pages = {45--58},
}

@misc{eisma_1990,
	author={Eisma, D.},
	title={Station {R}eport {Z}aire {E}stuary {C}ruise {R.V. T}yro 21/11 - 12/12/1989},
	year={1990},
	note={NIOZ, Texel.}
}


@article{legrand_unstructured_2007,
	title = {Unstructured, anisotropic mesh generation for the {Northwestern} {European} continental shelf, the continental slope and the neighbouring ocean},
	volume = {27},
	issn = {02784343},
	doi = {10.1016/j.csr.2007.01.009},
	language = {en},
	number = {9},
	urldate = {2017-10-05},
	journal = {Continental Shelf Research},
	author = {Legrand, Sébastien and Deleersnijder, Eric and Delhez, Eric and Legat, Vincent},
	month = may,
	year = {2007},
	pages = {1344--1356}
}


@article{paerl_ecosystem_1998,
	title = {Ecosystem responses to internal and watershed organic matter loading: consequences for hypoxia in the eutrophying {Neuse} {River} {Estuary}, {North} {Carolina}, {USA}},
	volume = {166},
	issn = {0171-8630, 1616-1599},
	shorttitle = {Ecosystem responses to internal and watershed organic matter loading},
	doi = {10.3354/meps166017},
	language = {en},
	urldate = {2018-04-10},
	journal = {Marine Ecology Progress Series},
	author = {Paerl, Hans W. and Pinckney, James L. and Fear, John M. and Peierls, Benjamin L.},
	month = may,
	year = {1998},
	keywords = {Anoxia, Estuarine eutrophication, Fish kills, Hurricanes, Hypoxia, Nitrogen, Organic matter},
	pages = {17--25}
}

@article{feely_combined_2010,
	title = {The combined effects of ocean acidification, mixing, and respiration on {pH} and carbonate saturation in an urbanized estuary},
	volume = {88},
	issn = {0272-7714},
	doi = {10.1016/j.ecss.2010.05.004},
	number = {4},
	urldate = {2018-04-10},
	journal = {Estuarine, Coastal and Shelf Science},
	author = {Feely, Richard A. and Alin, Simone R. and Newton, Jan and Sabine, Christopher L. and Warner, Mark and Devol, Allan and Krembs, Christopher and Maloy, Carol},
	month = aug,
	year = {2010},
	keywords = {acidification, carbonate minerals, estuary, pH, respiration, saturation},
	pages = {442--449},
}


@article{hamilton_modelling_1990,
	title = {Modelling salinity and circulation for the {Columbia} {River} {Estuary}},
	volume = {25},
	issn = {0079-6611},
	doi = {10.1016/0079-6611(90)90005-M},
	number = {1},
	urldate = {2017-03-23},
	journal = {Progress in Oceanography},
	author = {Hamilton, Peter},
	month = jan,
	year = {1990},
	pages = {113--156}
}

@techreport{burchard1999,
  title={{GOTM}, a general ocean turbulence model. {T}heory, implementation and test cases},  
  author={Burchard, Hans and Bolding, Karsten and Villarreal, Manuel R},
  institution = "European Commission",
  number = "EUR 18745",
  year = "1999"
}

@article{ilicak_spurious_2012,
	title = {Spurious dianeutral mixing and the role of momentum closure},
	volume = {45-46},
	issn = {1463-5003},
	doi = {10.1016/j.ocemod.2011.10.003},
	urldate = {2018-04-14},
	journal = {Ocean Modelling},
	author = {Ilıcak, Mehmet and Adcroft, Alistair J. and Griffies, Stephen M. and Hallberg, Robert W.},
	month = jan,
	year = {2012},
	keywords = {Cabbeling, Exchange-flow, Momentum transport, Ocean models, Overflows, Reference potential energy, Spurious dianeutral transport, Tracer advection},
	pages = {37--58}
}


@article{hansen_donald_new_2003,
	title = {New dimensions in estuary classification1},
	volume = {11},
	issn = {0024-3590},
	doi = {10.4319/lo.1966.11.3.0319},
	number = {3},
	urldate = {2018-04-14},
	journal = {Limnology and Oceanography},
	author = {Hansen, Donald V. and Rattray, Maurice},
	month = dec,
	year = {1966},
	pages = {319--326}
}

@Article{karna_thetis_2018,
	AUTHOR = {K\"arn\"a, T. and Kramer, S. C. and Mitchell, L. and Ham, D. A. and Piggott, M. D. and Baptista, A. M.},
	TITLE = {Thetis coastal ocean model: discontinuous Galerkin discretization for the three-dimensional hydrostatic equations},
	JOURNAL = {Geoscientific Model Development Discussions},
	VOLUME = {2018},
	YEAR = {2018},
	PAGES = {1--36},
	DOI = {10.5194/gmd-2017-292}
}


@ARTICLE{danilov2012,
  author = {Danilov, S.},
  title = {Two finite-volume unstructured mesh models for large-scale ocean modeling},
  journal = {Ocean Modelling},
  volume = {47},
  year = {2012},
  pages = {14 - 25},
  doi={10.1016/j.ocemod.2012.01.004}
}


@article{church_sea-level_2013,
	title = {Sea-{Level} {Rise} by 2100},
	volume = {342},
	copyright = {Copyright © 2013, American Association for the Advancement of Science},
	issn = {0036-8075, 1095-9203},
	doi = {10.1126/science.342.6165.1445-a},
	language = {en},
	number = {6165},
	urldate = {2018-04-16},
	journal = {Science},
	author = {Church, John A. and Clark, Peter U. and Cazenave, Anny and Gregory, Jonathan M. and Jevrejeva, Svetlana and Levermann, Anders and Merrifield, Mark A. and Milne, Glenn A. and Nerem, R. Steven and Nunn, Patrick D. and Payne, Antony J. and Pfeffer, W. Tad and Stammer, Detlef and Unnikrishnan, Alakkat S.},
	month = dec,
	year = {2013},
	pmid = {24357297},
	pages = {1445--1445}
}

@techreport{church2013sea,
  title={Sea level change},
  author={Church, John A and Clark, Peter U and Cazenave, Anny and Gregory, Jonathan M and Jevrejeva, Svetlana and Levermann, Anders and Merrifield, Mark A and Milne, Glenn A and Nerem, R Steven and Nunn, Patrick D and others},
  year={2013},
  institution={PM Cambridge University Press}
}


@article{gregg_recent_2005,
	title = {Recent trends in global ocean chlorophyll},
	volume = {32},
	issn = {0094-8276},
	doi = {10.1029/2004GL021808},
	number = {3},
	urldate = {2018-04-16},
	journal = {Geophysical Research Letters},
	author = {Gregg, Watson W. and Casey, Nancy W. and McClain, Charles R.},
	month = feb,
	year = {2005}
}


@article{bauer_changing_2013,
	title = {The changing carbon cycle of the coastal ocean},
	volume = {504},
	copyright = {2013 Nature Publishing Group},
	issn = {1476-4687},
	doi = {10.1038/nature12857},
	language = {en},
	number = {7478},
	urldate = {2018-04-16},
	journal = {Nature},
	author = {Bauer, James E. and Cai, Wei-Jun and Raymond, Peter A. and Bianchi, Thomas S. and Hopkinson, Charles S. and Regnier, Pierre A. G.},
	month = dec,
	year = {2013},
	pages = {61--70}
}

@book{valle-levinson_2010, 
	author={Valle-Levinson, Arnoldo},
	place={Cambridge}, 
	title={Contemporary Issues in Estuarine Physics}, 
	DOI={10.1017/CBO9780511676567}, 
	publisher={Cambridge University Press}, 
	year={2010}
}


@article{simpson_tidal_1990,
	title = {Tidal straining, density currents, and stirring in the control of estuarine stratification},
	volume = {13},
	issn = {0160-8347},
	doi = {10.2307/1351581},
	language = {en},
	number = {2},
	urldate = {2017-07-24},
	journal = {Estuaries},
	author = {Simpson, J. H. and Brown, J. and Matthews, J. and Allen, G.},
	month = jun,
	year = {1990},
	pages = {125--132}
}

@book{box1987empirical,
  title={Empirical model-building and response surfaces.},
  author={Box, George EP and Draper, Norman R},
  year={1987},
  publisher={John Wiley \& Sons}
}

@article{hansen1956,
  title={{Theorie zur Errechnung des Wasserstandes und der Str{\"o}mungen in Randmeeren nebst Anwendungen}},
  author={Hansen, Walter},
  journal={Tellus},
  volume={8},
  number={3},
  pages={287--300},
  year={1956},
  publisher={Wiley Online Library}
}

@article{bryan1967,
  title={A numerical investigation of the oceanic general circulation},
  author={Bryan, Kirk and Cox, Michael D},
  journal={Tellus},
  volume={19},
  number={1},
  pages={54--80},
  year={1967},
  publisher={Taylor \& Francis},
  doi={10.1111/j.2153-3490.1967.tb01459.x}
}


@article{marshall1997,
  title={A finite-volume, incompressible Navier Stokes model for studies of the ocean on parallel computers},
  author={Marshall, John and Adcroft, Alistair and Hill, Chris and Perelman, Lev and Heisey, Curt},
  journal={Journal of Geophysical Research: Oceans},
  volume={102},
  number={C3},
  pages={5753--5766},
  year={1997},
  publisher={Wiley Online Library},
  doi={10.1029/96JC02775}
}


@article{danilov_finite-volume_2017,
	title = {The {Finite}-{volumE} {Sea} ice–{Ocean} {Model} ({FESOM}2)},
	volume = {10},
	issn = {1991-9603},
	doi = {10.5194/gmd-10-765-2017},
	language = {en},
	number = {2},
	urldate = {2017-10-10},
	journal = {Geoscientific Model Development},
	author = {Danilov, Sergey and Sidorenko, Dmitry and Wang, Qiang and Jung, Thomas},
	month = feb,
	year = {2017},
	pages = {765--789}
}


@article{chen2003,
  title={{An unstructured grid, finite-volume, three-dimensional, primitive equations ocean model: application to coastal ocean and estuaries}},
  author={Chen, Changsheng and Liu, Hedong and Beardsley, Robert C},
  journal={Journal of atmospheric and oceanic technology},
  volume={20},
  number={1},
  pages={159--186},
  year={2003},
  doi={10.1175/1520-0426(2003)020<0159:AUGFVT>2.0.CO;2}
}


@article{fringer_unstructured-grid_2006,
	title = {An unstructured-grid, finite-volume, nonhydrostatic, parallel coastal ocean simulator},
	volume = {14},
	issn = {14635003},
	doi = {10.1016/j.ocemod.2006.03.006},
	language = {en},
	number = {3-4},
	urldate = {2018-04-16},
	journal = {Ocean Modelling},
	author = {Fringer, O.B. and Gerritsen, M. and Street, R.L.},
	month = jan,
	year = {2006},
	pages = {139--173}
}


@techreport{luettich1992,
  title={{ADCIRC: An Advanced Three-Dimensional Circulation Model for Shelves, Coasts, and Estuaries. Report 1. Theory and Methodology of ADCIRC-2DDI and ADCIRC-3DL.}},
  author={Luettich Jr, Richard A and Westerink, Johannes J and Scheffner, Norman W},
  year={1992},
  institution={DTIC Document}
}

@incollection{janin1992,
  title={{TELEMAC-3D: A finite element code to solve 3D free surface flow problems}},
  author={Janin, JM and Lepeintre, F and Pechon, P},
  booktitle={Computer modelling of seas and coastal regions},
  pages={489--506},
  year={1992},
  publisher={Springer}
}

@book{hervouet2007,
  title={Hydrodynamics of free surface flows: modelling with the finite element method},
  author={Hervouet, Jean-Michel},
  year={2007},
  publisher={John Wiley \& Sons}
}


@article{piggott_h_2005,
	series = {The {Second} {International} {Workshop} on {Unstructured} {Mesh} {Numerical} {Modelling} of {Coastal}, {Shelf} and {Ocean} {Flows}},
	title = {h, r, and hr adaptivity with applications in numerical ocean modelling},
	volume = {10},
	issn = {1463-5003},
	doi = {10.1016/j.ocemod.2004.07.007},
	number = {1},
	urldate = {2018-04-16},
	journal = {Ocean Modelling},
	author = {Piggott, M. D. and Pain, C. C. and Gorman, G. J. and Power, P. W. and Goddard, A. J. H.},
	month = jan,
	year = {2005},
	pages = {95--113}
}


@article{hu_eigensolution_2002,
	title = {Eigensolution {Analysis} of the {Discontinuous} {Galerkin} {Method} with {Nonuniform} {Grids}: {I}. {One} {Space} {Dimension}},
	volume = {182},
	issn = {0021-9991},
	shorttitle = {Eigensolution {Analysis} of the {Discontinuous} {Galerkin} {Method} with {Nonuniform} {Grids}},
	doi = {10.1006/jcph.2002.7184},
	number = {2},
	urldate = {2017-12-20},
	journal = {Journal of Computational Physics},
	author = {Hu, Fang Q. and Atkins, Harold L.},
	month = nov,
	year = {2002},
	pages = {516--545}
}

@article{hu_analysis_1999,
	title = {An {Analysis} of the {Discontinuous} {Galerkin} {Method} for {Wave} {Propagation} {Problems}},
	volume = {151},
	issn = {0021-9991},
	doi = {10.1006/jcph.1999.6227},
	number = {2},
	urldate = {2017-12-20},
	journal = {Journal of Computational Physics},
	author = {Hu, Fang Q. and Hussaini, M. Y. and Rasetarinera, Patrick},
	month = may,
	year = {1999},
	pages = {921--946}
}


@article{hanert2003,
  title={A comparison of three finite elements to solve the linear shallow water equations},
  author={Hanert, Emmanuel and Legat, Vincent and Deleersnijder, E},
  journal={Ocean Modelling},
  volume={5},
  number={1},
  pages={17--35},
  year={2003},
  publisher={Elsevier},
  doi={10.1016/S1463-5003(02)00012-4}
}

@article{hanert2005,
  title={An efficient Eulerian finite element method for the shallow water equations},
  author={Hanert, Emmanuel and Le Roux, Daniel Y and Legat, Vincent and Deleersnijder, Eric},
  journal={Ocean Modelling},
  volume={10},
  number={1},
  pages={115--136},
  year={2005},
  publisher={Elsevier},
  doi={10.1016/j.ocemod.2004.06.006}
}


@article{comblen_finite_2009,
	series = {The {Sixth} {International} {Workshop} on {Unstructured} {Mesh} {Numerical} {Modelling} of {Coastal}, {Shelf} and {Ocean} {Flows}},
	title = {A finite element method for solving the shallow water equations on the sphere},
	volume = {28},
	issn = {1463-5003},
	doi = {10.1016/j.ocemod.2008.05.004},
	number = {1},
	urldate = {2018-04-16},
	journal = {Ocean Modelling},
	author = {Comblen, Richard and Legrand, Sébastien and Deleersnijder, Eric and Legat, Vincent},
	month = jan,
	year = {2009},
	keywords = {Curved manifolds, Finite element, Shallow water equations, Spherical geometry},
	pages = {12--23}
}


@article{bernard_dispersion_2008,
	title = {Dispersion {Analysis} of {Discontinuous} {Galerkin} {Schemes} {Applied} to {Poincaré}, {Kelvin} and {Rossby} {Waves}},
	volume = {34},
	issn = {0885-7474, 1573-7691},
	doi = {10.1007/s10915-007-9156-6},
	language = {en},
	number = {1},
	urldate = {2018-04-16},
	journal = {Journal of Scientific Computing},
	author = {Bernard, P.-E. and Deleersnijder, E. and Legat, V. and Remacle, J.-F.},
	month = jan,
	year = {2008},
	pages = {26--47}
}

@article{bernard_modal_2009,
	series = {The {Sixth} {International} {Workshop} on {Unstructured} {Mesh} {Numerical} {Modelling} of {Coastal}, {Shelf} and {Ocean} {Flows}},
	title = {Modal analysis on unstructured meshes of the dispersion properties of the {P1NC}-{P1} pair},
	volume = {28},
	issn = {1463-5003},
	doi = {10.1016/j.ocemod.2008.03.005},
	number = {1},
	urldate = {2018-04-16},
	journal = {Ocean Modelling},
	author = {Bernard, P. -E. and Remacle, J. -F. and Legat, V.},
	month = jan,
	year = {2009},
	keywords = {Dispersion and dissipation errors, Geophysical flows, Linear non-conforming finite element, Shallow water equations, Unstructured meshes},
	pages = {2--11}
}


@article{gourgue_flux-limiting_2009,
	title = {A flux-limiting wetting–drying method for finite-element shallow-water models, with application to the {Scheldt} {Estuary}},
	volume = {32},
	issn = {0309-1708},
	doi = {10.1016/j.advwatres.2009.09.005},
	number = {12},
	urldate = {2018-04-16},
	journal = {Advances in Water Resources},
	author = {Gourgue, Olivier and Comblen, Richard and Lambrechts, Jonathan and K{\"a}rn{\"a}, Tuomas and Legat, Vincent and Deleersnijder, Eric},
	month = dec,
	year = {2009},
	keywords = {Discontinuous Galerkin, Estuary, Finite element, Scheldt, Tidal flat, Wetting–drying},
	pages = {1726--1739}
}


@article{vincent_numerical_2017,
	title = {A numerical study of tides in {Titan}'s northern seas, {Kraken} and {Ligeia} {Maria}},
	issn = {0019-1035},
	doi = {10.1016/j.icarus.2017.12.018},
	urldate = {2018-04-16},
	journal = {Icarus},
	author = {Vincent, David and Karatekin, {\"O}zg{\"u}r and Lambrechts, Jonathan and Lorenz, Ralph D. and Dehant, V{\'e}ronique and Deleersnijder, Eric},
	month = dec,
	year = {2017},
	keywords = {liquid body, oceanography, surface seas, Tides, Titan}
}


@article{leroux2005,
  title={On some spurious mode issues in shallow-water models using a linear algebra approach},
  author={Le Roux, DY and S{\`e}ne, Abdou and Rostand, Virgile and Hanert, Emmanuel},
  journal={Ocean Modelling},
  volume={10},
  number={1},
  pages={83--94},
  year={2005},
  publisher={Elsevier},
  doi={10.1016/j.ocemod.2004.07.008}
}

@phdthesis{deland2017,
  title={Discontinuous Galerkin finite element modelling of geophysical and environmental flows},
  author={Delandmeter, Philippe},
  year={2017},
  school={UCL}
}

@article{formaggia2004,
  title={{Stability analysis of second-order time accurate schemes for ALE--FEM}},
  author={Formaggia, Luca and Nobile, Fabio},
  journal={Computer Methods in Applied Mechanics and Engineering},
  volume={193},
  number={39},
  pages={4097--4116},
  year={2004},
  publisher={Elsevier},
  doi={10.1016/j.cma.2003.09.028}
}


@incollection{spencer_stubbins_gaillardet_2013,
 place={Cambridge}, 
 title={Geochemistry of the Congo River, estuary, and plume}, 
 DOI={10.1017/CBO9781139136853.027}, 
 booktitle={Biogeochemical Dynamics at Major River-Coastal Interfaces: Linkages with Global Change}, 
 publisher={Cambridge University Press}, 
 author={Spencer, R. G. M. and Stubbins, A. and Gaillardet, J.}, 
 editor={Bianchi, Thomas S. and Allison, Mead A. and Cai, Wei-JunEditors}, 
 year={2013}, 
 pages={554--583}
}


@article{pak_vertical_1984,
	title = {Vertical distribution of suspended particulate matter in the {Zaire} river, estuary and plume},
	volume = {17},
	issn = {0077-7579},
	doi = {10.1016/0077-7579(84)90058-9},
	number = {2},
	urldate = {2018-04-17},
	journal = {Netherlands Journal of Sea Research},
	author = {Pak, H and Zaneveld, J. R. V and Spinrad, R. W},
	month = oct,
	year = {1984},
	pages = {412--425}
}


@article{delhez_toward_1999,
	title = {Toward a general theory of the age in ocean modelling},
	volume = {1},
	issn = {1463-5003},
	doi = {10.1016/S1463-5003(99)00003-7},
	number = {1},
	urldate = {2018-04-17},
	journal = {Ocean Modelling},
	author = {Delhez, Eric J. M. and Campin, Jean-Michel and Hirst, Anthony C. and Deleersnijder, Eric},
	month = jan,
	year = {1999},
	keywords = {Age, Age of seawater, Radioisotope, Tracer},
	pages = {17--27}
}

@article{delhez_concept_2002,
	title = {The concept of age in marine modelling: {II}. {Concentration} distribution function in the {English} {Channel} and the {North} {Sea}},
	volume = {31},
	issn = {0924-7963},
	shorttitle = {The concept of age in marine modelling},
	doi = {10.1016/S0924-7963(01)00066-5},
	number = {4},
	urldate = {2018-04-17},
	journal = {Journal of Marine Systems},
	author = {Delhez, \'Eric J. M and Deleersnijder, \'Eric},
	month = jan,
	year = {2002},
	keywords = {Age, Age of seawater, Concentration distribution function, English Channel, North Sea, Radioisotope, Tracer},
	pages = {279--297}
}

@article{petersen_evaluation_2015,
	title = {Evaluation of the arbitrary {Lagrangian}–{Eulerian} vertical coordinate method in the {MPAS}-{Ocean} model},
	volume = {86},
	issn = {14635003},
	doi = {10.1016/j.ocemod.2014.12.004},
	language = {en},
	urldate = {2018-04-19},
	journal = {Ocean Modelling},
	author = {Petersen, Mark R. and Jacobsen, Douglas W. and Ringler, Todd D. and Hecht, Matthew W. and Maltrud, Mathew E.},
	month = feb,
	year = {2015},
	pages = {93--113}
}

@article{pelupessy_oceanographic_2017,
	title = {The {Oceanographic} {Multipurpose} {Software} {Environment} ({OMUSE} v1.0)},
	volume = {10},
	issn = {1991-9603},
	doi = {10.5194/gmd-10-3167-2017},
	language = {en},
	number = {8},
	urldate = {2018-04-18},
	journal = {Geoscientific Model Development},
	author = {Pelupessy, Inti and van Werkhoven, Ben and van Elteren, Arjen and Viebahn, Jan and Candy, Adam and Portegies Zwart, Simon and Dijkstra, Henk},
	month = aug,
	year = {2017},
	pages = {3167--3187}
}

@BOOK{Madec_Bk08,
  title = {NEMO ocean engine},
  publisher = {Note du P\^ole de mod{\'e}lisation, Institut Pierre-Simon Laplace
	(IPSL), France, No 27, ISSN No 1288-1619},
  year = {2008},
  author = {G. Madec}
}

@book{burchard2002getm,
  title={GETM: A General Estuarine Transport Model; Scientific Documentation},
  author={Burchard, Hans and Bolding, Karsten},
  year={2002},
  publisher={European Commission, Joint Research Centre, Institute for Environment and Sustainability}
}

@techreport{hydraulics2014delft3d,
  title={Delft3D-FLOW User Manual: Simulation of multi-dimensional hydrodynamic flows and transport phenomena},
  author={{Delft Hydraulics}},
  year={2014},
  institution={including sediments. Technical report}
}


@article{conroy_hp_2016,
	title = {hp discontinuous {Galerkin} methods for the vertical extent of the water column in coastal settings part {I}: {Barotropic} forcing},
	volume = {305},
	issn = {0021-9991},
	shorttitle = {hp discontinuous {Galerkin} methods for the vertical extent of the water column in coastal settings part {I}},
	doi = {10.1016/j.jcp.2015.10.038},
	urldate = {2018-04-20},
	journal = {Journal of Computational Physics},
	author = {Conroy, Colton J. and Kubatko, Ethan J.},
	month = jan,
	year = {2016},
	keywords = {Discontinuous Galerkin, Shallow water, Finite element methods, Superconvergence},
	pages = {1147--1171}
}


@article{GOURGUE201327,
title = "A depth-averaged two-dimensional sediment transport model for environmental studies in the Scheldt Estuary and tidal river network",
journal = "Journal of Marine Systems",
volume = "128",
pages = "27 - 39",
year = "2013",
issn = "0924-7963",
doi = "10.1016/j.jmarsys.2013.03.014",
author = "O. Gourgue and W. Baeyens and M.S. Chen and A. de Brauwere and B. de Brye and E. Deleersnijder and M. Elskens and V. Legat",
keywords = "Fine sediments, Flocculation, Estuary, River, Scheldt, Model, Depth-averaged, SLIM"
}

@article{DEBRAUWERE20112724,
title = "Modelling Escherichia coli concentrations in the tidal Scheldt river and estuary",
journal = "Water Research",
volume = "45",
number = "9",
pages = "2724 - 2738",
year = "2011",
issn = "0043-1354",
doi = "10.1016/j.watres.2011.02.003",
author = "Anouk {de Brauwere} and Benjamin de Brye and Pierre Servais and Julien Passerat and Eric Deleersnijder",
keywords = ", Fecal indicators, Microbiological water quality, Waste water, Modelling, Scheldt, Estuary, Tidal rivers"
}


@article{legrand2000,
  title={Delaunay mesh generation for an unstructured-grid ocean general circulation model},
  author={Legrand, Sebastien and Legat, Vincent and Deleersnijder, Eric},
  journal={Ocean Modelling},
  volume={2},
  number={1},
  pages={17--28},
  year={2000},
  publisher={Elsevier},
  doi={10.1016/S1463-5003(00)00005-6}
}



@article{ford2004,
author = { Ford, R.  and  C. C.  Pain  and  M. D.  Piggott  and  A. J. H.  Goddard  and  C. R. E.  de Oliveira  and  A. P.  Umpleby },
title = {A Nonhydrostatic Finite-Element Model for Three-Dimensional Stratified Oceanic Flows. Part I: Model Formulation},
journal = {Monthly Weather Review},
volume = {132},
number = {12},
pages = {2816-2831},
year = {2004},
doi = {10.1175/MWR2824.1}
}

@article{piggott2008,
  title={A new computational framework for multi-scale ocean modelling based on adapting unstructured meshes},
  author={Piggott, MD and Gorman, GJ and Pain, CC and Allison, PA and Candy, AS and Martin, BT and Wells, MR},
  journal={International Journal for Numerical Methods in Fluids},
  volume={56},
  number={8},
  pages={1003--1015},
  year={2008},
  publisher={Wiley Online Library},
  doi={10.1002/fld.1663}
}

@article{candy2014integration,
  title={Integration of Geographic Information System frameworks into domain discretisation and meshing processes for geophysical models},
  author={Candy, A. S. and Avdis, A and Hill, J and Gorman, G. J. and Piggott, M. D.},
  journal={Geoscientific Model Development Discussions},
  volume={7},
  pages={5993--6060},
  year={2014},
  doi={10.5194/gmdd-7-5993-2014}
}


@Article{candy2018,
AUTHOR = {Candy, A. S. and Pietrzak, J. D.},
TITLE = {Shingle 2.0: generalising self-consistent and automated domain discretisation for multi-scale geophysical models},
JOURNAL = {Geoscientific Model Development},
VOLUME = {11},
YEAR = {2018},
NUMBER = {1},
PAGES = {213--234},
DOI = {10.5194/gmd-11-213-2018}
}

@article{AVDIS2018,
title = "Efficient unstructured mesh generation for marine renewable energy applications",
journal = "Renewable Energy",
volume = "116",
pages = "842 - 856",
year = "2018",
issn = "0960-1481",
doi = "10.1016/j.renene.2017.09.058",
author = "Alexandros Avdis and Adam S. Candy and Jon Hill and Stephan C. Kramer and Matthew D. Piggott",
keywords = "Mesh generation, Geographical Information Systems, Research Data Management, Tidal turbine arrays, Renewable energy generation, Pentland Firth"
}

@inproceedings{carrere2016fes,
  title={{FES}2014, a new tidal model-Validation results and perspectives for improvements},
  author={Carrere, L and Lyard, F and Cancet, M and Guillot, A and Picot, N},
  booktitle={ESA Living Planet Conference, Prague},
  year={2016}
}

@article{buchanan2017,
  author={Buchanan, Maya K and Oppenheimer, Michael and Kopp, Robert E},
  title={Amplification of flood frequencies with local sea level rise and emerging flood regimes},
  journal={Environmental Research Letters},
  volume={12},
  number={6},
  pages={064009},
  year={2017},
  doi={10.1088/1748-9326/aa6cb3}
}
	

@article{klingbeil_numerics_2018,
	title = {The numerics of hydrostatic structured-grid coastal ocean models: {State} of the art and future perspectives},
	volume = {125},
	issn = {1463-5003},
	shorttitle = {The numerics of hydrostatic structured-grid coastal ocean models},
	doi = {10.1016/j.ocemod.2018.01.007},
	journal = {Ocean Modelling},
	author = {Klingbeil, Knut and Lemari\'e, Florian and Debreu, Laurent and Burchard, Hans},
	month = may,
	year = {2018},
	keywords = {Adaptive coordinates, Coastal ocean models, Drying \& flooding, Hydrostatic models, Mode-splitting, Two-way nesting},
	pages = {80--105}
}

@article{danilov_ocean_2013,
	title = {Ocean modeling on unstructured meshes},
	volume = {69},
	issn = {14635003},
	doi = {10.1016/j.ocemod.2013.05.005},
	language = {en},
	journal = {Ocean Modelling},
	author = {Danilov, S.},
	month = sep,
	year = {2013},
	pages = {195--210}
}


@article{brown_impact_2016,
	title = {Impact of operational model nesting approaches and inherent errors for coastal simulations},
	volume = {107},
	issn = {1463-5003},
	doi = {10.1016/j.ocemod.2016.10.005},
	journal = {Ocean Modelling},
	author = {Brown, Jennifer M. and Norman, Danielle L. and Amoudry, Laurent O. and Souza, Alejandro J.},
	month = nov,
	year = {2016},
	keywords = {Freshwater export, Initial and boundary conditions, Liverpool Bay, Model nesting, POLCOMS-GOTM, ROFI},
	pages = {48--63}
}



@article{seny2013,
  title={{Multirate time stepping for accelerating explicit discontinuous Galerkin computations with application to geophysical flows}},
  author={Seny, Bruno and Lambrechts, Jonathan and Comblen, Richard and Legat, Vincent and Remacle, J-F},
  journal={International Journal for Numerical Methods in Fluids},
  volume={71},
  number={1},
  pages={41--64},
  year={2013},
  publisher={Wiley Online Library},
  doi={10.1002/fld.3646}
}

@article{seny2014,
  title={{An efficient parallel implementation of explicit multirate Runge--Kutta schemes for discontinuous Galerkin computations}},
  author={Seny, Bruno and Lambrechts, Jonathan and Toulorge, Thomas and Legat, Vincent and Remacle, Jean-Fran{\c{c}}ois},
  journal={Journal of Computational Physics},
  volume={256},
  pages={135--160},
  year={2014},
  publisher={Elsevier},
  doi={10.1016/j.jcp.2013.07.041}
}

@article{griffies_developments_2000,
	title = {Developments in ocean climate modelling},
	volume = {2},
	issn = {1463-5003},
	doi = {10.1016/S1463-5003(00)00014-7},
	number = {3},
	journal = {Ocean Modelling},
	author = {Griffies, Stephen M. and Böning, Claus and Bryan, Frank O. and Chassignet, Eric P. and Gerdes, Rüdiger and Hasumi, Hiroyasu and Hirst, Anthony and Treguier, Anne-Marie and Webb, David},
	month = jan,
	year = {2000},
	pages = {123--192}
}

@article{critchell2016,
  title={Modelling accumulation of marine plastics in the coastal zone; what are the dominant physical processes?},
  author={Critchell, Kay and Lambrechts, Jonathan},
  journal={Estuarine, Coastal and Shelf Science},
  volume={171},
  pages={111--122},
  year={2016},
  publisher={Elsevier},
  doi={10.1016/j.ecss.2016.01.036}
}

@book{cushman2011,
  title={Introduction to geophysical fluid dynamics: physical and numerical aspects},
  author={Cushman-Roisin, Benoit and Beckers, Jean-Marie},
  edition = {{II}},
  year={2011},
  publisher={Academic Press}
}


@article{white2008tracer,
  title={Tracer conservation for three-dimensional, finite-element, free-surface, ocean modeling on moving prismatic meshes},
  author={White, Laurent and Legat, Vincent and Deleersnijder, Eric},
  journal={Monthly weather review},
  volume={136},
  number={2},
  pages={420--442},
  year={2008},
  doi={10.1175/2007MWR2137.1}
}

@article{delandmeter2017,
  title={Submesoscale tidal eddies in the wake of coral islands and reefs: satellite data and numerical modelling},
  author={Delandmeter, Philippe and Lambrechts, Jonathan and Marmorino, George O and Legat, Vincent and Wolanski, Eric and Remacle, Jean-Fran{\c{c}}ois and Chen, Wei and Deleersnijder, Eric},
  journal={Ocean Dynamics},
  pages="897--913",
  volume="67",
  number="7",
  year={2017},
  publisher={Springer},
  doi={10.1007/s10236-017-1066-z}
}

@article{hanert2004,
  title={Advection schemes for unstructured grid ocean modelling},
  author={Hanert, Emmanuel and Le Roux, DY and Legat, Vincent and Deleersnijder, Eric},
  journal={Ocean Modelling},
  volume={7},
  number={1},
  pages={39--58},
  year={2004},
  publisher={Elsevier},
  doi={10.1016/S1463-5003(03)00029-5}
}

@article{pain2005,
  title={Three-dimensional unstructured mesh ocean modelling},
  author={Pain, CC and Piggott, MD and Goddard, AJH and Fang, F and Gorman, GJ and Marshall, DP and Eaton, MD and Power, PW and De Oliveira, CRE},
  journal={Ocean Modelling},
  volume={10},
  number={1},
  pages={5--33},
  year={2005},
  publisher={Elsevier},
  doi={10.1016/j.ocemod.2004.07.005}
}



@article{deleersnijder1992b,
  title={On the use of the $\sigma$-coordinate system in regions of large bathymetric variations},
  author={Deleersnijder, Eric and Beckers, Jean-Marie},
  journal={Journal of Marine Systems},
  volume={3},
  number={4-5},
  pages={381--390},
  year={1992},
  publisher={Elsevier},
  doi={10.1016/0924-7963(92)90011-V}
}


@article{hofmeister2010,
  title={{Non-uniform adaptive vertical grids for 3D numerical ocean models}},
  author={Hofmeister, Richard and Burchard, Hans and Beckers, Jean-Marie},
  journal={Ocean Modelling},
  volume={33},
  number={1},
  pages={70--86},
  year={2010},
  publisher={Elsevier},
  doi={10.1016/j.ocemod.2009.12.003}
}

@article{burchard2004,
  title={{Non-uniform adaptive vertical grids in one-dimensional numerical ocean models}},
  author={Burchard, Hans and Beckers, Jean-Marie},
  journal={Ocean Modelling},
  volume={6},
  number={1},
  pages={51--81},
  year={2004},
  publisher={Elsevier},
  doi={10.1016/S1463-5003(02)00060-4}
}


@article{hofmeister2011,
  title={{Realistic modelling of the exceptional inflows into the central Baltic Sea in 2003 using terrain-following coordinates}},
  author={Hofmeister, Richard and Beckers, Jean-Marie and Burchard, Hans},
  journal={Ocean Modelling},
  volume={39},
  number={3},
  pages={233--247},
  year={2011},
  publisher={Elsevier},
  doi={10.1016/j.ocemod.2011.04.007}
}

@article{grawe_advantages_2015,
	title = {Advantages of vertically adaptive coordinates in numerical models of stratified shelf seas},
	volume = {92},
	issn = {1463-5003},
	doi = {10.1016/j.ocemod.2015.05.008},
	journal = {Ocean Modelling},
	author = {Gräwe, Ulf and Holtermann, Peter and Klingbeil, Knut and Burchard, Hans},
	month = aug,
	year = {2015},
	keywords = {Stratification, North Sea, Adaptive coordinates, Baltic Sea, GETM, Numerical mixing},
	pages = {56--68}
}


@article{von_glasow_megacities_2013,
	title = {Megacities and {Large} {Urban} {Agglomerations} in the {Coastal} {Zone}: {Interactions} {Between} {Atmosphere}, {Land}, and {Marine} {Ecosystems}},
	volume = {42},
	issn = {0044-7447},
	shorttitle = {Megacities and {Large} {Urban} {Agglomerations} in the {Coastal} {Zone}},
	doi = {10.1007/s13280-012-0343-9},
	number = {1},
	journal = {Ambio},
	author = {{von Glasow}, Roland and Jickells, Tim D. and Baklanov, Alexander and Carmichael, Gregory R. and Church, Tom M. and Gallardo, Laura and Hughes, Claire and Kanakidou, Maria and Liss, Peter S. and Mee, Laurence and Raine, Robin and Ramachandran, Purvaja and Ramesh, R. and Sundseth, Kyrre and Tsunogai, Urumu and Uematsu, Mitsuo and Zhu, Tong},
	month = feb,
	year = {2013},
	pmid = {23076973},
	pmcid = {PMC3547459},
	pages = {13--28}
}


@article{altieri_climate_2015,
	title = {Climate change and dead zones},
	volume = {21},
	issn = {13541013},
	doi = {10.1111/gcb.12754},
	language = {en},
	number = {4},
	journal = {Global Change Biology},
	author = {Altieri, Andrew H. and Gedan, Keryn B.},
	month = apr,
	year = {2015},
	pages = {1395--1406}
}


@article{sierra_effects_2004,
	title = {Effects of discharge reductions on salt wedge dynamics of the {Ebro} {River}},
	volume = {20},
	issn = {1535-1467},
	doi = {10.1002/rra.721},
	language = {en},
	number = {1},
	journal = {River Research and Applications},
	author = {Sierra, J. P. and Sánchez-Arcilla, A. and Figueras, P. A. and Río, J. González Del and Rassmussen, E. K. and Mösso, C.},
	month = jan,
	year = {2004},
	keywords = {Ebro River, estuary, flow regulation, numerical simulation, salt wedge dynamics},
	pages = {61--77}
}

@article{REMACLE2018,
title = "Fast and robust mesh generation on the sphere —Application to coastal domains",
journal = "Computer-Aided Design",
year = "2018",
issn = "0010-4485",
doi = "10.1016/j.cad.2018.03.002",
author = "Jean-François Remacle and Jonathan Lambrechts",
keywords = "Delaunay triangulation on the sphere, Geophysical flows, Parallel meshing"
}

@article{BECKERS199395,
title = "Stability of a FBTCS Scheme Applied to the Propagation of Shallow-Water Inertia-Gravity Waves on Various Space Grids",
journal = "Journal of Computational Physics",
volume = "108",
number = "1",
pages = "95 -- 104",
year = "1993",
issn = "0021-9991",
doi = "10.1006/jcph.1993.1166",
author = "Jean-Marie Beckers and Eric Deleersnijder"
}


@article{mathieu_role_2002,
	title = {The role of topography in small well-mixed bays, with application to the lagoon of {Mururoa}},
	volume = {22},
	issn = {0278-4343},
	doi = {10.1016/S0278-4343(02)00002-X},
	number = {9},
	journal = {Continental Shelf Research},
	author = {Mathieu, Pierre-Philippe and Deleersnijder, Eric and Cushman-Roisin, Benoı̂t and Beckers, Jean-Marie and Bolding, Karsten},
	year = {2002},
	keywords = {Analytical solution, Idealised hydrodynamic model, Lagoon dynamics, Marine modelling, Mururoa atoll lagoon, Topographic effect, Tropical pacific},
	pages = {1379--1395}
}


@article{cushman2018,
	title = {Top-to-bottom {Ekman} layer and its implications for shallow rotating flows},
	issn = {1567-7419, 1573-1510},
	doi = {10.1007/s10652-018-9611-y},
	language = {en},
	journal = {Environmental Fluid Mechanics},
	author = {Cushman-Roisin, Benoit and Deleersnijder, Eric},
	month = jul,
	year = {2018}
}


@article{frys2018,
	title = {Fine-scale coral connectivity pathways in the Florida Reef Tract: Implications for conservation and restoration},
	journal = {ICES Journal of Marine Sciences (submitted)},
	author = {Frys, Charles and Saint-Amand, Antoine and Le H\'enaff, Matthieu and Figueiredo, Joana and Kuba, Alyson and Walker, Brian and Lambrechts, Jonathan and Vallaeys, Valentin and Vincent, David and Hanert, Emmanuel},
	year = {2018}
}



@article{candy_implicit_2017,
	title = {An implicit wetting and drying approach for non-hydrostatic baroclinic flows in high aspect ratio domains},
	volume = {102},
	issn = {03091708},
	doi = {10.1016/j.advwatres.2017.02.004},
	language = {en},
	journal = {Advances in Water Resources},
	author = {Candy, Adam S.},
	month = apr,
	year = {2017},
	pages = {188--205}
}






























@article{hamann2011,
  title={Modelling the fate of marine turtle hatchlings},
  author={Hamann, Mark and Grech, Alana and Wolanski, Eric and Lambrechts, Jonathan},
  journal={Ecological Modelling},
  volume={222},
  number={8},
  pages={1515--1521},
  year={2011},
  publisher={Elsevier}
}


@article{wolanski2003merging,
  title={{Merging scales in models of water circulation: perspectives from the Great Barrier Reef}},
  author={Wolanski, Eric and Brinkman, Richard and Spagnol, Simon and McAllister, Felicity and Steinberg, Craig and Skirving, William and Deleersnijder, Eric},
  journal={Elsevier Oceanography Series},
  volume={67},
  pages={411--429},
  year={2003},
  publisher={Elsevier}
}


@article{pestiaux2014,
  title={{Discontinuous Galerkin finite element discretization of a strongly anisotropic diffusion operator}},
  author={Pestiaux, Alice and Melchior, SA and Remacle, Jean-Fran{\c{c}}ois and K{\"a}rn{\"a}, T and Fichefet, Thierry and Lambrechts, Jonathan},
  journal={International Journal for Numerical Methods in Fluids},
  volume={75},
  number={5},
  pages={365--384},
  year={2014},
  publisher={Wiley Online Library}
}

@article{legrand2006,
  title={{High-resolution, unstructured meshes for hydrodynamic models of the Great Barrier Reef, Australia}},
  author={Legrand, S{\'e}bastien and Deleersnijder, Eric and Hanert, Emmanuel and Legat, Vincent and Wolanski, Eric},
  journal={Estuarine, coastal and shelf science},
  volume={68},
  number={1},
  pages={36--46},
  year={2006},
  publisher={Elsevier},
  doi={10.1016/j.ecss.2005.08.017}
}

@article{deBrauwere2014,
  title={Integrated modelling of faecal contamination in a densely populated river--sea continuum ({S}cheldt {R}iver and {E}stuary)},
  author={de Brauwere, Anouk and Gourgue, Olivier and de Brye, Benjamin and Servais, Pierre and Ouattara, Nouho Koffi and Deleersnijder, Eric},
  journal={{S}cience of the {T}otal {E}nvironment},
  volume={468},
  pages={31--45},
  year={2014},
  publisher={Elsevier}
}


@article{bernard2007,
  title={{High-order h-adaptive discontinuous Galerkin methods for ocean modelling}},
  author={Bernard, Paul-Emile and Chevaugeon, Nicolas and Legat, Vincent and Deleersnijder, Eric and Remacle, Jean-Fran{\c{c}}ois},
  journal={Ocean Dynamics},
  volume={57},
  number={2},
  pages={109--121},
  year={2007},
  publisher={Springer}
}


@phdthesis{karna2012b,
  title={Development of a Baroclinic Discontinuous Galerkin Finite Element Model for Estuarine and Coastal Flows},
  author={K{\"a}rn{\"a}, Tuomas},
  year={2012},
  school={UCL}
}

@phdthesis{hanert2004b,
  title={Towards a finite element ocean circulation model},
  author={Hanert, Emmanuel},
  year={2004},
  school={UCL}
}

@article{hanert2006,
  title={{An adaptive finite element water column model using the Mellor--Yamada level 2.5 turbulence closure scheme}},
  author={Hanert, Emmanuel and Deleersnijder, Eric and Legat, Vincent},
  journal={Ocean Modelling},
  volume={12},
  number={1},
  pages={205--223},
  year={2006},
  publisher={Elsevier}
}

@article{hanert2007,
  title={Capturing the bottom boundary layer in finite element ocean models},
  author={Hanert, Emmanuel and Deleersnijder, Eric and Blaise, S{\'e}bastien and Remacle, Jean-Fran{\c{c}}ois},
  journal={Ocean Modelling},
  volume={17},
  number={2},
  pages={153--162},
  year={2007},
  publisher={Elsevier}
}


@article{thomas2015,
  title={{Connectivity between submerged and near-sea-surface coral reefs: can submerged reef populations act as refuges?}},
  author={Thomas, Christopher J and Bridge, Tom CL and Figueiredo, Joana and Deleersnijder, Eric and Hanert, Emmanuel},
  journal={Diversity and Distributions},
  volume={21},
  number={10},
  pages={1254--1266},
  year={2015},
  publisher={Wiley Online Library}
}



@article{wolanski1996,
  title={Three-dimensional island wakes in the field, laboratory experiments and numerical models},
  author={Wolanski, Eric and Asaeda, Takashi and Tanaka, Akihiro and Deleersnijder, Eric},
  journal={Continental Shelf Research},
  volume={16},
  number={11},
  pages={1437--1452},
  year={1996},
  publisher={Elsevier}
}

@article{white2007,
  title={Diagnoses of vertical transport in a three-dimensional finite element model of the tidal circulation around an island},
  author={White, Laurent and Deleersnijder, Eric},
  journal={Estuarine, Coastal and Shelf Science},
  volume={74},
  number={4},
  pages={655--669},
  year={2007},
  publisher={Elsevier}
}

@article{sassi2011,
  title={{Tidal impact on the division of river discharge over distributary channels in the Mahakam Delta}},
  author={Sassi, Maximiliano G and Hoitink, AJF and de Brye, Benjamin and Vermeulen, Bart and Deleersnijder, Eric},
  journal={Ocean Dynamics},
  volume={61},
  number={12},
  pages={2211--2228},
  year={2011},
  publisher={Springer}
}

@article{sassi2012,
  title={Downstream hydraulic geometry of a tidally influenced river delta},
  author={Sassi, MG and Hoitink, AJF and de Brye, B and Deleersnijder, E},
  journal={Journal of Geophysical Research: Earth Surface},
  volume={117},
  number={F4},
  year={2012},
  publisher={Wiley Online Library}
}

@article{munday2010,
  title={Idealised flow past an island in a dynamically adaptive finite element model},
  author={Munday, David R and Marshall, David P and Piggott, Matthew D},
  journal={Ocean dynamics},
  volume={60},
  number={4},
  pages={835--850},
  year={2010},
  publisher={Springer}
}
@article{hill2012,
  title={On the performance of a generic length scale turbulence model within an adaptive finite element ocean model},
  author={Hill, Jon and Piggott, MD and Ham, David A and Popova, EE and Srokosz, MA},
  journal={Ocean Modelling},
  volume={56},
  pages={1--15},
  year={2012},
  publisher={Elsevier}
}
@article{deleersnijder1992,
  title={{A generalized vertical coordinate for 3D marine models}},
  author={Deleersnijder, E and Ruddick, KG},
  journal={Bulletin de la Soci{\'e}t{\'e} Royale des Sciences de Li\`ege},
  volume={61},
  number={6},
  pages={489--502},
  year={1992}
}


@article{deleersnijder1992a,
  title={A three-dimensional model of the water circulation around an island in shallow water},
  author={Deleersnijder, Eric and Norro, Alain and Wolanski, Eric},
  journal={Continental Shelf Research},
  volume={12},
  number={7-8},
  pages={891--906},
  year={1992a},
  publisher={Elsevier}
}

