@preamble{ " \newcommand{\noop}[1]{} " } % a do-nothing command that serves a purpose

@article{hegermiller2019wave,
	title={Wave--Current Interaction between {H}urricane {M}atthew Wave Fields and the {G}ulf {S}tream},
	author={Hegermiller, Christie A and Warner, John C and Olabarrieta, Maitane and Sherwood, Christopher R},
	journal={Journal of Physical Oceanography},
	volume={49},
	number={11},
	pages={2883--2900},
	year={2019}
}
@article{alvarez2019rapid,
	title={A rapid spread of the stony coral tissue loss disease outbreak in the {M}exican {C}aribbean},
	author={Alvarez-Filip, Lorenzo and Estrada-Sald{\'\i}var, Nuria and P{\'e}rez-Cervantes, Esmeralda and Molina-Hern{\'a}ndez, Ana and Gonz{\'a}lez-Barrios, Francisco J},
	journal={PeerJ},
	volume={7},
	pages={e8069},
	year={2019},
	publisher={PeerJ Inc.}
}
@article{ardhuin2009observation,
	title={Observation and estimation of {L}agrangian, {S}tokes, and {E}ulerian currents induced by wind and waves at the sea surface},
	author={Ardhuin, Fabrice and Mari{\'e}, Louis and Rascle, Nicolas and Forget, Philippe and Roland, Aron},
	journal={Journal of physical oceanography},
	volume={39},
	number={11},
	pages={2820--2838},
	year={2009}
}
@article{aronson2001white,
	title={White-band disease and the changing face of {C}aribbean coral reefs},
	author={Aronson, Richard B and Precht, Willia	m F},
	journal={The ecology and etiology of newly emerging marine diseases},
	pages={25--38},
	year={2001},
	publisher={Springer}
}
@article{barnes2015sediment,
	title={Sediment plumes induced by the {P}ort of {M}iami dredging: {A}nalysis and interpretation using {L}andsat and {MODIS} data},
	author={Barnes, Brian B and Hu, Chuanmin and Kovach, Charles and Silverstein, Rachel N},
	journal={Remote Sensing of Environment},
	volume={170},
	pages={328--339},
	year={2015},
	publisher={Elsevier}
}
@article{brandt2009dynamics,
	title={Dynamics and impact of the coral disease white plague: insights from a simulation model},
	author={Brandt, Marilyn E and McManus, John W},
	journal={Diseases of aquatic organisms},
	volume={87},
	number={1-2},
	pages={117--133},
	year={2009}
}
@article{cunning2019extensive,
	title={Extensive coral mortality and critical habitat loss following dredging and their association with remotely-sensed sediment plumes},
	author={Cunning, Ross and Silverstein, Rachel N and Barnes, Brian B and Baker, Andrew C},
	journal={Marine pollution bulletin},
	volume={145},
	pages={185--199},
	year={2019},
	publisher={Elsevier}
}
@article{geuzaine2009gmsh,
	title={Gmsh: A {3-D} finite element mesh generator with built-in pre-and post-processing facilities},
	author={Geuzaine, Christophe and Remacle, Jean-Fran{\c{c}}ois},
	journal={International journal for numerical methods in engineering},
	volume={79},
	number={11},
	pages={1309--1331},
	year={2009},
	publisher={Wiley Online Library}
}
@article{harvell2007coral,
	title={Coral disease, environmental drivers, and the balance between coral and microbial associates},
	author={Harvell, Drew and Jord{\'a}n-Dahlgren, Eric and Merkel, Susan and Rosenberg, Eugene and Raymundo, Laurie and Smith, Garriet and Weil, Ernesto and Willis, Bette},
	journal={Oceanography},
	volume={20},
	pages={172--195},
	year={2007},
	publisher={Oceanography Society}
}
@article{miller2016detecting,
	title={Detecting sedimentation impacts to coral reefs resulting from dredging the {P}ort of {M}iami, {Florida USA}},
	author={Miller, Margaret W and Karazsia, Jocelyn and Groves, Carolyn E and Griffin, Sean and Moore, Tom and Wilber, Pace and Gregg, Kurtis},
	journal={PeerJ},
	volume={4},
	pages={e2711},
	year={2016},
	publisher={PeerJ Inc.}
}
@article{miller2009coral,
	title={Coral disease following massive bleaching in 2005 causes 60\% decline in coral cover on reefs in the {US} {V}irgin {I}slands},
	author={Miller, J and Muller, E and Rogers, C and Waara, R and Atkinson, A and Whelan, KRT and Patterson, M and Witcher, B},
	journal={Coral Reefs},
	volume={28},
	number={4},
	pages={925},
	year={2009},
	publisher={Springer}
}
@article{muller2020spatial,
	title={Spatial epidemiology of the stony-coral-tissue-loss disease in {F}lorida},
	author={Muller, Erinn M and Sartor, Constance and Alcaraz, Nicholas I and van Woesik, Robert},
	journal={Frontiers in Marine Science},
	volume={7},
	pages={163},
	year={2020},
	publisher={Frontiers}
}
@misc{nmfs2008,
	title={Endangered species act section 7 (a)(2) consultation biological opinion and Magnuson‚ÄêStevens fishery conservation and management act essential fish habitat consultation: consultation on the "{Willamette River }basin flood control project."},
	author={{National Marine Fisheries Service}}, 
	year={2008}
}
@article{precht2016unprecedented,
	title={Unprecedented disease-related coral mortality in {S}outheastern {F}lorida},
	author={Precht, William F and Gintert, Brooke E and Robbart, Martha L and Fura, Ryan and Van Woesik, Robert},
	journal={Scientific reports},
	volume={6},
	number={1},
	pages={1--11},
	year={2016},
	publisher={Nature Publishing Group}
}
@article{richardson1998coral,
	title={Coral disease outbreak in the {F}lorida {K}eys: plague type {II}},
	author={Richardson, Laurie L and Goldberg, Walter M and Carlton, Richard G and Halas, John C},
	journal={Revista de Biolog{\'\i}a tropical},
	pages={187--198},
	year={1998}
}
@article{soulsby1997dynamics,
	title={Dynamics of marine sands: a manual for practical applications},
	author={Soulsby, RL},
	journal={Oceanographic Literature Review},
	volume={9},
	number={44},
	pages={947},
	year={1997}
}
@article{sutherland2004disease,
	title={Disease and immunity in {C}aribbean and {I}ndo-{P}acific zooxanthellate corals},
	author={Sutherland, Kathryn P and Porter, James W and Torres, Cecilia},
	journal={Marine ecology progress series},
	volume={266},
	pages={273--302},
	year={2004}
}
@micc{usace2004,
	author={{U.S. Army Corps of Engineers}},
	year={2004},
	title={Final {G}eneral {R}eevaluation {R}eport and {E}nvironmental {S}tatement},
	journal={Jacksonville District}
}
@article{frys20,
  title={Fine-scale coral connectivity pathways in the {F}lorida {R}eef {T}ract: {I}mplications for conservation and restoration},
  author={Frys, Charles and Saint-Amand, Antoine and Le H{\'e}naff, Matthieu and Figueiredo, Joana and Kuba, Alyson and Walker, Brian and Lambrechts, Jonathan and Vallaeys, Valentin and Vincent, David and Hanert, Emmanuel},
  journal={Frontiers in Marine Science},
  volume={7},
  pages={312},
  year={2020},
  publisher={Frontiers}
}
@article{dobbelaere2020coupled,
  title={Coupled epidemio-hydrodynamic modeling to understand the spread of a deadly coral disease in {F}lorida},
  author={Dobbelaere, Thomas and Muller, Erinn M and Gramer, Lewis J and Holstein, Daniel M and Hanert, Emmanuel},
  journal={Frontiers in Marine Science},
  volume={7},
  pages={1016},
  year={2020},
  publisher={Frontiers}
}
@misc{noaa2018,
  author = {{NOAA}},
  year   = {2018},
  title  = {{S}tony {C}oral {T}issue {L}oss {D}isease {C}ase {D}efinition},
  url    = {https://nmsfloridakeys.blob.core.windows.net/floridakeys-prod/media/ docs/20181002-stony-coral-tissue-loss-disease-case-definition.pdf},
  note = {{Accesssed on June 4, 2020}}
}
@article{estrada2021effects,
  title={Effects of the Stony Coral Tissue Loss Disease outbreak on coral communities and the benthic composition of Cozumel reefs},
  author={Estrada-Sald{\'\i}var, Nuria and Quiroga-Garc{\'\i}a, Blanca A and P{\'e}rez-Cervantes, Esmeralda and Rivera-Garibay, Omar O and Alvarez-Filip, Lorenzo},
  journal={Frontiers in Marine Science},
  volume={8},
  pages={306},
  year={2021},
  publisher={Frontiers}
}
@article{heres2021ecological,
  title={Ecological consequences of Stony coral tissue loss disease in the Turks and Caicos Islands},
  author={Heres, Melissa M and Farmer, Benjamin H and Elmer, Franziska and Hertler, Heidi},
  journal={Coral Reefs},
  volume={40},
  number={2},
  pages={609--624},
  year={2021},
  publisher={Springer}
}
@misc{kramer2019map,
  title={Map of stony coral tissue loss disease outbreak in the {C}aribbean},
  author={Kramer, PR and Roth, L and Lang, J},
  year={2019},
  url={www.agrra.org},
  note={{ArcGis Online. (accessed June 12, 2020)}}  
}
@article{meiling2021variable,
  title={Variable species responses to experimental stony coral tissue loss disease ({SCTLD}) exposure},
  author={Meiling, Sonora S and Muller, Erinn M and Lasseigne, Danielle and Rossin, Ashley and Veglia, Alex J and MacKnight, Nicholas and Dimos, Bradford and Huntley, Naomi and Correa, Adrienne and Smith, Tyler Burton and others},
  journal={Frontiers in Marine Science},
  volume={8},
  pages={464},
  year={2021},
  publisher={Frontiers}
}
@article{eaton2021measuring,
  title={Measuring stony coral tissue loss disease induction and lesion progression within two intermediately susceptible species, {M}ontastraea cavernosa and {O}rbicella faveolata},
  author={Eaton, Katherine R and Landsberg, Jan H and Kiryu, Yasunari and Peters, Esther C and Muller, Erinn M},
  journal={Frontiers in Marine Science},
  pages={1287},
  year={2021},
  publisher={Frontiers}
}
@article{aeby2019pathogenesis,
  title={Pathogenesis of a tissue loss disease affecting multiple species of corals along the {F}lorida {R}eef {T}ract},
  author={Aeby, Greta and Ushijima, Blake and Campbell, Justin E and Jones, Scott and Williams, Gareth and Meyer, Julie L and Hase, Claudia and Paul, Valerie},
  journal={Frontiers in Marine Science},
  volume={6},
  pages={678},
  year={2019},
  publisher={Frontiers}
}
@article{dobbelaere2022,
  title={Connecting the dots: {T}ransmission of stony coral tissue loss disease from the Marquesas to the {D}ry {T}ortugas},
  author={Dobbelaere, Thomas and Muller, Erinn M and Gramer, Lewis J and Holstein, Daniel M and Hanert, Emmanuel},
  journal={Frontiers in Marine Science},
  year={\noop{2022} in press 2022},
  publisher={Frontiers},
  doi={10.3389/fmars.2022.778938 }
}
@article{gintert2019regional,
  title={Regional coral disease outbreak overwhelms impacts from a local dredge project},
  author={Gintert, Brooke E and Precht, William F and Fura, Ryan and Rogers, Kristian and Rice, Mike and Precht, Lindsey L and D‚ÄôAlessandro, Martine and Croop, Jason and Vilmar, Christina and Robbart, Martha L},
  journal={Environmental monitoring and assessment},
  volume={191},
  number={10},
  pages={1--39},
  year={2019},
  publisher={Springer}
}
@article{rosales2020rhodobacterales,
  title={Rhodobacterales and {R}hizobiales Are Associated With Stony Coral Tissue Loss Disease and Its Suspected Sources of Transmission},
  author={Rosales, Stephanie M and Clark, Abigail S and Huebner, Lindsay K and Ruzicka, Rob R and Muller, Erinn},
  journal={Frontiers in Microbiology},
  volume={11},
  pages={681},
  year={2020},
  publisher={Frontiers}
}
@article{studivan2022reef,
  title={Reef Sediments Can Act As a Stony Coral Tissue Loss Disease Vector},
  author={Studivan, Michael S and Rossin, Ashley M and Rubin, Ewelina and Soderberg, Nash and Holstein, Daniel M and Enochs, Ian C},
  journal={Frontiers in Marine Science},
  pages={2046},
  year={2022},
  publisher={Frontiers}
}
@article{erftemeijer2012environmental,
  title={Environmental impacts of dredging and other sediment disturbances on corals: a review},
  author={Erftemeijer, Paul LA and Riegl, Bernhard and Hoeksema, Bert W and Todd, Peter A},
  journal={Marine pollution bulletin},
  volume={64},
  number={9},
  pages={1737--1765},
  year={2012},
  publisher={Elsevier}
}
@article{jones2015effects,
  title={Effects of sediments on the reproductive cycle of corals},
  author={Jones, Ross and Ricardo, GF and Negri, AP},
  journal={Marine Pollution Bulletin},
  volume={100},
  number={1},
  pages={13--33},
  year={2015},
  publisher={Elsevier}
}
@article{weber2012mechanisms,
  title={Mechanisms of damage to corals exposed to sedimentation},
  author={Weber, Miriam and De Beer, Dirk and Lott, Christian and Polerecky, Lubos and Kohls, Katharina and Abed, Raeid MM and Ferdelman, Timothy G and Fabricius, Katharina E},
  journal={Proceedings of the National Academy of Sciences},
  volume={109},
  number={24},
  pages={E1558--E1567},
  year={2012},
  publisher={National Acad Sciences}
}
@article{fourney2017additive,
  title={Additive negative effects of anthropogenic sedimentation and warming on the survival of coral recruits},
  author={Fourney, Francesca and Figueiredo, Joana},
  journal={Scientific reports},
  volume={7},
  number={1},
  pages={1--8},
  year={2017},
  publisher={Nature Publishing Group}
}
@article{figueiredo2013synthesizing,
  title={Synthesizing larval competence dynamics and reef-scale retention reveals a high potential for self-recruitment in corals},
  author={Figueiredo, Joana and Baird, Andrew H and Connolly, Sean R},
  journal={Ecology},
  volume={94},
  number={3},
  pages={650--659},
  year={2013},
  publisher={Wiley Online Library}
}
@article{fringer2019future,
  title={The future of coastal and estuarine modeling: {F}indings from a workshop},
  author={Fringer, Oliver B and Dawson, Clint N and He, Ruoying and Ralston, David K and Zhang, Y Joseph},
  journal={Ocean Modelling},
  volume={143},
  pages={101458},
  year={2019},
  publisher={Elsevier}
}
@article{lambrechts2008multi,
  title={A multi-scale model of the hydrodynamics of the whole {G}reat {B}arrier {R}eef},
  author={Lambrechts, Jonathan and Hanert, Emmanuel and Deleersnijder, Eric and Bernard, Paul-Emile and Legat, Vincent and Remacle, Jean-Fran{\c{c}}ois and Wolanski, Eric},
  journal={Estuarine, Coastal and Shelf Science},
  volume={79},
  number={1},
  pages={143--151},
  year={2008},
  publisher={Elsevier}
}
@article{hamilton1982sound,
  title={Sound velocity and related properties of marine sediments},
  author={Hamilton, Edwin L and Bachman, Richard T},
  journal={The Journal of the Acoustical Society of America},
  volume={72},
  number={6},
  pages={1891--1904},
  year={1982},
  publisher={Acoustical Society of America}
}
@techreport{macdonald2006ptm,
  title={{PTM}: particle tracking model. {R}eport 1: {M}odel theory, implementation, and example applications},
  author={MacDonald, Neil J and Davies, Michael H and Zundel, Alan K and Howlett, John D and Demirbilek, Zeki and Gailani, Joseph Z and Lackey, Tahirih C and Smith, Jarrell},
  year={2006},
  institution={{E}ngineer {R}esearch {A}nd {D}evelopment {C}enter {V}icksburg {MS} {C}oastal {A}nd {H}ydraulics {L}ab}
}
@inproceedings{soulsby1997threshold,
  title={Threshold of sediment motion in coastal environments},
  author={Soulsby, RL and Whitehouse, RJS and others},
  booktitle={Pacific Coasts and Ports'97. Proceedings},
  volume={1},
  pages={149--154},
  year={1997}
}
@article{csardi2006igraph,
  title={The igraph software package for complex network research},
  author={Csardi, Gabor and Nepusz, Tamas and others},
  journal={InterJournal, complex systems},
  volume={1695},
  number={5},
  pages={1--9},
  year={2006}
}
@book{gray2000comparability,
  title={Comparability of suspended-sediment concentration and total suspended solids data},
  author={Gray, John R},
  number={4191},
  year={2000},
  publisher={US Department of the interior, US Geological Survey}
}
@book{thackston2000improved,
  title={Improved methods for correlating turbidity and suspended solids for monitoring},
  author={Thackston, EL and Palermo, Michael R},
  year={2000},
  publisher={US Army Engineer Research and Development Center}
}
@article{jones2016assessing,
  title={Assessing the impacts of sediments from dredging on corals},
  author={Jones, Ross and Bessell-Browne, Pia and Fisher, Rebecca and Klonowski, Wojciech and Slivkoff, Matthew},
  journal={Marine Pollution Bulletin},
  volume={102},
  number={1},
  pages={9--29},
  year={2016},
  publisher={Elsevier}
}
@article{dobbelaere2020report,
  title={Report on the potential origin of the SCTLD in the Florida Reef Tract},
  author={Dobbelaere, Thomas and Muller, EM and Gramer, Lewis and Holstein, Dan and Hanert, Emmanuel},
  journal={Tallahassee, FL: Florida Department of Environmental Protection},
  year={2020}
}
