@article{Chassignet2007,
  title={The {HYCOM} (hybrid coordinate ocean model) data assimilative system},
  author={Chassignet, Eric P and Hurlburt, Harley E and Smedstad, Ole Martin and Halliwell, George R and Hogan, Patrick J and Wallcraft, Alan J and Baraille, Remy and Bleck, Rainer},
  journal={Journal of Marine Systems},
  volume={65},
  number={1-4},
  pages={60--83},
  year={2007},
  publisher={Elsevier}
}
@article{Geuzaine2009,
  title={Gmsh: A 3-D finite element mesh generator with built-in pre-and post-processing facilities},
  author={Geuzaine, Christophe and Remacle, Jean-Fran{\c{c}}ois},
  journal={International journal for numerical methods in engineering},
  volume={79},
  number={11},
  pages={1309--1331},
  year={2009},
  publisher={Wiley Online Library}
}
@article{fwc2017unified,
  title={Unified {R}eef {M}ap v2. 0},
  author={FWC-FWRI},
  year={2017},
  journal={FWC-FWRI (Florida Fish and Wildlife Conservation Commission-Fish and Wildlife Research Institute)}
}

@article{muller2020spatial,
  title={Spatial Epidemiology of the {S}tony-{C}oral-{T}issue-{L}oss {D}isease in {F}lorida},
  author={Muller, Erinn M and Sartor, Constance and Alcaraz, Nicholas I and van Woesik, Robert},
  journal={Frontiers in Marine Science},
  volume={7},
  pages={163},
  year={2020},
  publisher={Frontiers}
}

@article{viehman2018,
  author={Viehman, S and Gittings, S and Groves, S and Moore, J and Moore, T and Stein, J},
  year={2018},
  title={{NCCOS Assessment: Coral Disturbance Response Monitoring (DRM) Along the {F}lorida {R}eef {T}ract Following Hurricane {I}rma From 2017-10-09 to 2017- 10-18 (NCEI Accession 0179071)}},
  journal={NOAA National Centers for Environmental Information},
  note={. Silver Spring, MD: National Centers for Coastal Ocean Science. Available online at: \url{https://doi.org/10.25921/sscd-6h41} (accessed June 22, 2020)}
}

@article{neely2018surveying,
  title={Surveying the {F}lorida {K}eys southern coral disease boundary},
  author={Neely, K},
  journal={Florida DEP. Miami, FL},
  pages={1--15},
  year={2018}
}

@article{frys20,
  title={Fine-scale coral connectivity pathways in the {F}lorida {R}eef {T}ract: {I}mplications for conservation and restoration},
  author={Frys, Charles and Saint-Amand, Antoine and Le H{\'e}naff, Matthieu and Figueiredo, Joana and Kuba, Alyson and Walker, Brian and Lambrechts, Jonathan and Vallaeys, Valentin and Vincent, David and Hanert, Emmanuel},
  journal={Frontiers in Marine Science},
  volume={7},
  pages={312},
  year={2020},
  publisher={Frontiers}
}


@article{ardhuin2009observation,
  title={Observation and estimation of {L}agrangian, {S}tokes, and {E}ulerian currents induced by wind and waves at the sea surface},
  author={Ardhuin, Fabrice and Mari{\'e}, Louis and Rascle, Nicolas and Forget, Philippe and Roland, Aron},
  journal={Journal of Physical Oceanography},
  volume={39},
  number={11},
  pages={2820--2838},
  year={2009}
}Stony Coral Tissue Loss Disease Case Definitio

@book{Murray07,
  title={Mathematical biology: I. An introduction},
  author={Murray, James D},
  volume={17},
  year={2007},
  publisher={Springer Science \& Business Media}
}

@article{kermack1927contribution,
  title={A contribution to the mathematical theory of epidemics},
  author={Kermack, William Ogilvy and McKendrick, Anderson G},
  journal={Proceedings of the {R}oyal {S}ociety of {L}ondon. Series A, Containing papers of a mathematical and physical character},
  volume={115},
  number={772},
  pages={700--721},
  year={1927},
  publisher={The Royal Society London}
}


@article{rosales2020rhodobacterales,
  title={Rhodobacterales and {R}hizobiales Are Associated With Stony Coral Tissue Loss Disease and Its Suspected Sources of Transmission},
  author={Rosales, Stephanie M and Clark, Abigail S and Huebner, Lindsay K and Ruzicka, Rob R and Muller, Erinn},
  journal={Frontiers in Microbiology},
  volume={11},
  pages={681},
  year={2020},
  publisher={Frontiers}
}

@article{shore2019modes,
  title={Modes of coral disease transmission: {H}ow do diseases spread between individuals and among populations?},
  author={Shore, Amanda and Caldwell, Jamie M},
  journal={{M}arine {B}iology},
  volume={166},
  number={4},
  pages={45},
  year={2019},
  publisher={Springer}
}

@article{keeling2007stochastic,
  title={Stochastic dynamics},
  author={Keeling, MJ and Rohani, P},
  journal={Modeling Infectious Diseases in Humans and Animals},
  pages={190--230},
  year={2007},
  publisher={Princeton University Press Princeton, NJ}
}
@book{wolanski1994physical,
  title={Physical oceanographic processes of the {G}reat {B}arrier {R}eef},
  author={Wolanski, Eric},
  year={1994},
  publisher={CRC Press}
}

@article{burgess2007influence,
  title={Influence of tidal eddies and wind on the distribution of presettlement fishes around {O}ne {T}ree {I}sland, {G}reat {B}arrier {R}eef},
  author={Burgess, Scott C and Kingsford, Michael J and Black, Kerry P},
  journal={Marine Ecology Progress Series},
  volume={341},
  pages={233--242},
  year={2007}
}

@article{figueiredo2013synthesizing,
  title={Synthesizing larval competence dynamics and reef-scale retention reveals a high potential for self-recruitment in corals},
  author={Figueiredo, Joana and Baird, Andrew H and Connolly, Sean R},
  journal={Ecology},
  volume={94},
  number={3},
  pages={650--659},
  year={2013},
  publisher={Wiley Online Library}
}

@article{lambrechts2008multi,
  title={A multi-scale model of the hydrodynamics of the whole {G}reat {B}arrier {R}eef},
  author={Lambrechts, Jonathan and Hanert, Emmanuel and Deleersnijder, Eric and Bernard, Paul-Emile and Legat, Vincent and Remacle, Jean-Fran{\c{c}}ois and Wolanski, Eric},
  journal={Estuarine, Coastal and Shelf Science},
  volume={79},
  number={1},
  pages={143--151},
  year={2008},
  publisher={Elsevier}
}

@article{thomas2014numerical,
  title={Numerical modelling and graph theory tools to study ecological connectivity in the {G}reat {B}arrier {R}eef},
  author={Thomas, Christopher J and Lambrechts, Jonathan and Wolanski, Eric and Traag, Vincent A and Blondel, Vincent D and Deleersnijder, Eric and Hanert, Emmanuel},
  journal={Ecological Modelling},
  volume={272},
  pages={160--174},
  year={2014},
  publisher={Elsevier}
}

@article{thomas2015connectivity,
  title={Connectivity between submerged and near-sea-surface coral reefs: {C}an submerged reef populations act as refuges?},
  author={Thomas, Christopher J and Bridge, Tom CL and Figueiredo, Joana and Deleersnijder, Eric and Hanert, Emmanuel},
  journal={Diversity and Distributions},
  volume={21},
  number={10},
  pages={1254--1266},
  year={2015},
  publisher={Wiley Online Library}
}

@article{kourafalou2012florida,
  title={Florida Current meandering and evolution of cyclonic eddies along the {F}lorida {K}eys {R}eef {T}ract: {A}re they interconnected?},
  author={Kourafalou, Vassiliki H and Kang, HeeSook},
  journal={Journal of Geophysical Research: Oceans},
  volume={117},
  number={C5},
  year={2012},
  publisher={Wiley Online Library}
}

@article{sponaugle2012observed,
  title={Observed and modeled larval settlement of a reef fish to the {F}lorida {K}eys},
  author={Sponaugle, S and Paris, C and Walter, KD and Kourafalou, V and Alessandro, ED},
  journal={Marine Ecology Progress Series},
  volume={453},
  pages={201--212},
  year={2012}
}

@article{vaz2016perfect,
  title={The perfect storm: match-mismatch of bio-physical events drives larval reef fish connectivity between {P}ulley {R}idge mesophotic reef and the {F}lorida {K}eys},
  author={Vaz, Ana C and Paris, Claire B and Olascoaga, M Josefina and Kourafalou, Villy H and Kang, Heesook and Reed, John K},
  journal={Continental Shelf Research},
  volume={125},
  pages={136--146},
  year={2016},
  publisher={Elsevier}
}


@article{harvell2007coral,
  title={Coral disease, environmental drivers, and the balance between coral and microbial associates},
  author={Harvell, Drew and Jord{\'a}n-Dahlgren, Eric and Merkel, Susan and Rosenberg, Eugene and Raymundo, Laurie and Smith, Garriet and Weil, Ernesto and Willis, Bette},
  journal={Oceanography},
  volume={20},
  pages={172--195},
  year={2007},
  publisher={Oceanography Society}
}

@article{sokolow2009editor,
  title={Editor's choice: Disease dynamics in marine metapopulations: modelling infectious diseases on coral reefs},
  author={Sokolow, Susanne H and Foley, Patrick and Foley, Janet E and Hastings, Alan and Richardson, Laurie L},
  journal={Journal of Applied Ecology},
  volume={46},
  number={3},
  pages={621--631},
  year={2009},
  publisher={Wiley Online Library}
}


@article{bidegain2016microparasitic,
  title={Microparasitic disease dynamics in benthic suspension feeders: infective dose, non-focal hosts, and particle diffusion},
  author={Bidegain, G and Powell, EN and Klinck, JM and Ben-Horin, T and Hofmann, EE},
  journal={Ecological Modelling},
  volume={328},
  pages={44--61},
  year={2016},
  publisher={Elsevier}
}

@article{bidegain2016marine,
  title={Marine infectious disease dynamics and outbreak thresholds: contact transmission, pandemic infection, and the potential role of filter feeders},
  author={Bidegain, Gorka and Powell, Eric N and Klinck, John M and Ben-Horin, Tal and Hofmann, Eileen E},
  journal={Ecosphere},
  volume={7},
  number={4},
  pages={e01286},
  year={2016},
  publisher={Wiley Online Library}
}

@article{richardson1998florida,
  title={Florida's mystery coral-killer identified},
  author={Richardson, Laurie L and Goldberg, Walter M and Kuta, Kevin G and Aronson, Richard B and Smith, Garriet W and Ritchie, Kim B and Halas, John C and Feingold, Joshua S and Miller, Steven L},
  journal={Nature},
  volume={392},
  number={6676},
  pages={557--558},
  year={1998},
  publisher={Nature Publishing Group}
}

@article{sutherland2004disease,
  title={Disease and immunity in {C}aribbean and {I}ndo-{P}acific zooxanthellate corals},
  author={Sutherland, Kathryn P and Porter, James W and Torres, Cecilia},
  journal={Marine Ecology Progress Series},
  volume={266},
  pages={273--302},
  year={2004}
}

@incollection{aronson2001white,
  title={White-band disease and the changing face of {C}aribbean coral reefs},
  author={Aronson, Richard B and Precht, William F},
  booktitle={The ecology and etiology of newly emerging marine diseases},
  pages={25--38},
  year={2001},
  publisher={Springer}
}

@article{miller2009coral,
  title={Coral disease following massive bleaching in 2005 causes 60\% decline in coral cover on reefs in the {US} {V}irgin {I}slands},
  author={Miller, J and Muller, E and Rogers, C and Waara, R and Atkinson, A and Whelan, KRT and Patterson, M and Witcher, B},
  journal={Coral Reefs},
  volume={28},
  number={4},
  pages={925},
  year={2009},
  publisher={Springer}
}

@article{brandt2009dynamics,
  title={Dynamics and impact of the coral disease white plague: insights from a simulation model},
  author={Brandt, Marilyn E and McManus, John W},
  journal={Diseases of aquatic organisms},
  volume={87},
  number={1-2},
  pages={117--133},
  year={2009}
}

@article{dustan1987changes,
  title={Changes in the reef-coral community of {C}arysfort {R}eef, {K}ey {L}argo, {F}lorida: 1974 to 1982},
  author={Dustan, Phillip and Halas, John C},
  journal={Coral Reefs},
  volume={6},
  number={2},
  pages={91--106},
  year={1987},
  publisher={Springer}
}

@article{porter1992quantification,
  title={Quantification of loss and change in Floridian reef coral populations},
  author={Porter, James W and Meier, Ouida W},
  journal={American Zoologist},
  volume={32},
  number={6},
  pages={625--640},
  year={1992},
  publisher={Oxford University Press UK}
}

@article{ruzicka2013temporal,
  title={Temporal changes in benthic assemblages on {F}lorida {K}eys reefs 11 years after the 1997/1998 {E}l {N}i{\~n}o},
  author={Ruzicka, RR and Colella, MA and Porter, JW and Morrison, JM and Kidney, JA and Brinkhuis, V and Lunz, KS and Macaulay, KA and Bartlett, LA and Meyers, MK and others},
  journal={Marine Ecology Progress Series},
  volume={489},
  pages={125--141},
  year={2013}
}

@article{acropora2005atlantic,
  title={Atlantic {A}cropora status review document},
  author={Acropora Biological Review Team},
  journal={Report to National Marine Fisheries Service},
  pages={152},
  year={2005},
  publisher={Southeast Regional Office}
}

@article{kuta1996abundance,
  title={Abundance and distribution of black band disease on coral reefs in the northern {F}lorida {K}eys},
  author={Kuta, KG and Richardson, LL},
  journal={Coral reefs},
  volume={15},
  number={4},
  pages={219--223},
  year={1996},
  publisher={Springer}
}

@article{gardner2003long,
  title={Long-term region-wide declines in {C}aribbean corals},
  author={Gardner, Toby A and C{\^o}t{\'e}, Isabelle M and Gill, Jennifer A and Grant, Alastair and Watkinson, Andrew R},
  journal={{S}cience},
  volume={301},
  number={5635},
  pages={958--960},
  year={2003},
  publisher={American Association for the Advancement of Science}
}

@article{aronson2006conservation,
  title={Conservation, precaution, and {C}aribbean reefs},
  author={Aronson, Richard B and Precht, William F},
  journal={Coral reefs},
  volume={25},
  number={3},
  pages={441--450},
  year={2006},
  publisher={Springer}
}

@article{kuffner2015century,
  title={A century of ocean warming on {F}lorida {K}eys coral reefs: historic in situ observations},
  author={Kuffner, Ilsa B and Lidz, Barbara H and Hudson, J Harold and Anderson, Jeffrey S},
  journal={Estuaries and Coasts},
  volume={38},
  number={3},
  pages={1085--1096},
  year={2015},
  publisher={Springer}
}

@article{manzello2015rapid,
  title={Rapid recent warming of coral reefs in the {F}lorida {K}eys},
  author={Manzello, Derek P},
  journal={Scientific reports},
  volume={5},
  pages={16762},
  year={2015},
  publisher={Nature Publishing Group}
}

@online{marshallcrossland2006,
  editor  = {{Baltic Nest Institute}},
  title   = {{Congo (Zaire) River Estuary, Democratic Republic of the Congo}},
  year    = 2006,
  url     = {http://nest.su.se/mnode/africa/congo/congobud.htm},
  author  = {Marshall Crossland, J.I. and Crossland, C.J. and Swaney, D. P.},
  address = {Stockholm, Sweden}
}


@misc{noaa2018,
  author = {{NOAA}},
  year   = {2018},
  title  = {{S}tony {C}oral {T}issue {L}oss {D}isease {C}ase {D}efinition},
  url    = {https://nmsfloridakeys.blob.core.windows.net/floridakeys-prod/media/ docs/20181002-stony-coral-tissue-loss-disease-case-definition.pdf},
  note = {{Accesssed on June 4, 2020}}
}
  %note={{(Accessed on June 4, 2020)}}
  
@article{precht2016unprecedented,
  title={Unprecedented disease-related coral mortality in {S}outheastern {F}lorida},
  author={Precht, William F and Gintert, Brooke E and Robbart, Martha L and Fura, Ryan and Van Woesik, Robert},
  journal={Scientific Reports},
  volume={6},
  number={1},
  pages={1--11},
  year={2016},
  publisher={Nature Publishing Group}
}

@article{alvarez2019rapid,
  title={A rapid spread of the stony coral tissue loss disease outbreak in the {M}exican {C}aribbean},
  author={Alvarez-Filip, Lorenzo and Estrada-Sald{\'\i}var, Nuria and P{\'e}rez-Cervantes, Esmeralda and Molina-Hern{\'a}ndez, Ana and Gonz{\'a}lez-Barrios, Francisco J},
  journal={PeerJ},
  volume={7},
  pages={e8069},
  year={2019},
  publisher={PeerJ Inc.}
}

@article{blondeau2020coral,
  title={Coral reef condition: {A} status report for the {US} {V}irgin {I}slands},
  author={Blondeau, Jeremiah and Brandt, Marilyn and Donovan, Caroline and Eakin, Mark and Edwards, Kimberly and Edwards, Kitty and Edwards, Peter and Enochs, Ian and Feeley, Mike and Fleming, Chloe and others},
  year={2020}
}

@article{aeby2019pathogenesis,
  title={Pathogenesis of a tissue loss disease affecting multiple species of corals along the {F}lorida {R}eef {T}ract},
  author={Aeby, Greta and Ushijima, Blake and Campbell, Justin E and Jones, Scott and Williams, Gareth and Meyer, Julie L and Hase, Claudia and Paul, Valerie},
  journal={Frontiers in Marine Science},
  volume={6},
  pages={678},
  year={2019},
  publisher={Frontiers}
}

@article{smith2009influence,
  title={The influence of wind forcing on across-shelf transport in the {F}lorida {K}eys},
  author={Smith, Ned Philip},
  journal={Continental Shelf Research},
  volume={29},
  number={1},
  pages={362--370},
  year={2009},
  publisher={Elsevier}
}

@article{perlin2007organization,
  title={Organization of stratification, turbulence, and veering in bottom {E}kman layers},
  author={Perlin, A and Moum, JN and Klymak, JM and Levine, MD and Boyd, T and Kosro, PM},
  journal={Journal of Geophysical Research: Oceans},
  volume={112},
  number={C5},
  year={2007},
  publisher={Wiley Online Library}
}

@article{kundu1976ekman,
  title={Ekman veering observed near the ocean bottom},
  author={Kundu, Pijush K},
  journal={Journal of Physical Oceanography},
  volume={6},
  number={2},
  pages={238--242},
  year={1976}
}

@misc{kramer2019map,
  title={Map of stony coral tissue loss disease outbreak in the {C}aribbean},
  author={Kramer, PR and Roth, L and Lang, J},
  year={2019},
  url={www.agrra.org},
  note={{ArcGis Online. (accessed June 12, 2020)}}  
}

@article{murphy2014pykrige,
  title={PyKrige: development of a kriging toolkit for {P}ython},
  author={Murphy, Benjamin S},
  journal={AGUFM},
  volume={2014},
  pages={H51K--0753},
  year={2014}
}

@misc{landsberg2018,
  author = {Landsberg, Jan H and Kiryu, Yasu and Gray, Clarke and Wilson, Patrick and Perry, Noretta and Waters, Yvonne},
  title = {{MCAV} disease lab analyses update },
  url={https://floridadep.gov/sites/default/files/Copy\%20of\%20FWC-FWRI_MCAV_disease_update_041118.pdf},
  note={{Consulted on 2020-07-20}},
  year={2018},
}

@article{csardi2006igraph,
  title={The igraph software package for complex network research},
  author={Csardi, Gabor and Nepusz, Tamas and others},
  journal={InterJournal, complex systems},
  volume={1695},
  number={5},
  pages={1--9},
  year={2006}
}

@article{lee1994evolution,
  title={Evolution of the {T}ortugas {G}yre and its influence on recruitment in the {F}lorida {K}eys},
  author={Lee, Thomas N and Clarke, ME and Williams, Elizabeth and Szmant, Alina F and Berger, Thomas},
  journal={Bulletin of {M}arine {S}cience},
  volume={54},
  number={3},
  pages={621--646},
  year={1994},
  publisher={University of {M}iami-{R}osenstiel {S}chool of {M}arine and {A}tmospheric {S}cience}
}

@article{lane2003mesoscale,
  title={Mesoscale circulation and the surface distribution of copepods near the south {F}lorida {K}eys},
  author={Lane, Peter VZ and Smith, Sharon L and Graber, Hans C and Hitchcock, Gary L},
  journal={Bulletin of {M}arine {S}cience},
  volume={72},
  number={1},
  pages={1--18},
  year={2003},
  publisher={University of {M}iami-{R}osenstiel {S}chool of {M}arine and {A}tmospheric {S}cience}
}

@article{sponaugle2005florida,
  title={Florida {C}urrent frontal eddies and the settlement of coral reef fishes},
  author={Sponaugle, Su and Lee, Thomas and Kourafalou, Vassiliki and Pinkard, Deanna},
  journal={Limnology and {O}ceanography},
  volume={50},
  number={4},
  pages={1033--1048},
  year={2005},
  publisher={{W}iley {O}nline {L}ibrary}
}

@article{mehra2010real,
  title={A real time ocean forecast system for the {N}orth {A}tlantic {O}cean},
  author={Mehra, Avichal and Rivin, Ilya},
  journal={{TAO}: {T}errestrial, {A}tmospheric and {O}ceanic {S}ciences},
  volume={21},
  number={1},
  pages={2},
  year={2010},
  publisher={Chinese {G}eoscience {U}nion ({T}aiwan)}
}
