@article{hoffmeister1968geology,
  title={Geology and origin of the {Florida Keys}},
  author={Hoffmeister, JE and Multer, HG},
  journal={Geological Society of America Bulletin},
  volume={79},
  number={11},
  pages={1487--1502},
  year={1968},
  publisher={Geological Society of America}
}
@article{finkl2008shelf,
  title={Shelf geomorphology along the southeast {F}lorida {A}tlantic continental platform: {B}arrier coral reefs, nearshore bedrock, and morphosedimentary features},
  author={Finkl, Charles W and Andrews, Jeffrey L},
  journal={Journal of Coastal Research},
  volume={24},
  number={4},
  pages={823--849},
  year={2008}
}
@incollection{banks2008reef,
  title={The reef tract of continental southeast {F}lorida ({M}iami-{D}ade, {B}roward and {P}alm {B}each counties, {USA})},
  author={Banks, Kenneth W and Riegl, Bernhard M and Richards, Vincent P and Walker, Brian K and Helmle, Kevin P and Jordan, Lance KB and Phipps, Janet and Shivji, Mahmood S and Spieler, Richard E and Dodge, Richard E},
  booktitle={Coral Reefs of the USA},
  pages={175--220},
  year={2008},
  publisher={Springer}
}
@article{jackson2014status,
  title={Status and trends of {C}aribbean coral reefs},
  author={Jackson, JBC and Donovan, MK and Cramer, KL and Lam, VV},
  journal={Global coral reef monitoring network, IUCN, Gland, Switzerland},
  pages={1970--2012},
  year={2014}
}
@techreport{johns2003socio,
  author      = {Johns, G M and Leeworthy, V R and Bell, F M and Bonn, M A},
  institution = {National Oceanic and Atmospheric Administration, National Ocean Service, Special Projects},
  title       = {Socioeconomic study of reefs in Southeast Florida},
  year        = {2003}
}
@techreport{brander2013total,
  title={The total economic value of US coral reefs: a review of the literature},
  author={Brander, Luke and Beukering, Pieter van},
  year={2013},
  institution={National Oceanic and Atmospheric Administration, NOAA Coral Reef Conservation Program}
}
@inproceedings{miller2008effects,
  title={The effects of hurricane-deposited mud on coral communities in {F}lorida},
  author={Miller, C and Kosmynin, V},
  booktitle={11th International Coral Reef Symposium Proceedings},
  year={2008},
  organization={Nova Southeastern University National Coral Reef Institute Location Davie, FL}
}
@misc{irmaNOAA,
  title={{N}ational {H}urricane {C}enter {T}ropical {C}yclone {R}eport: {H}urricane {I}rma (30 {A}ugustâ€“12 {S}eptember 2017)},
  author={Cangialosi, John P and Latto, Andrew S and Berg, Robbie},
  year={2018},
  journal={Technical Report},
  note={\url{https://www.nhc.noaa.gov/data/tcr/AL112017_Irma.pdf}}
}
@article{xian2018brief,
  title={Brief communication:  {R}apid assessment of damaged residential buildings in the {F}lorida {K}eys after {H}urricane {I}rma},
  author={Xian, Siyuan and Feng, Kairui and Lin, Ning and Marsooli, Reza and Chavas, Daniel and Chen, Jie and Hatzikyriakou, Adam},
  journal={Natural Hazards and Earth System Sciences},
  volume={18},
  number={7},
  pages={2041--2045},
  year={2018},
  publisher={Copernicus GmbH}
}
@article{harvell2007coral,
  title={Coral disease, environmental drivers, and the balance between coral and microbial associates},
  author={Harvell, Drew and Jord{\'a}n-Dahlgren, Eric and Merkel, Susan and Rosenberg, Eugene and Raymundo, Laurie and Smith, Garriet and Weil, Ernesto and Willis, Bette},
  journal={Oceanography},
  volume={20},
  pages={172--195},
  year={2007},
  publisher={Oceanography Society}
}
@article{spalding1997new,
  title={New estimates of global and regional coral reef areas},
  author={Spalding, MD and Grenfell, AM},
  journal={Coral reefs},
  volume={16},
  number={4},
  pages={225--230},
  year={1997},
  publisher={Springer}
}
